2066 3666
618 197 1116 257 Ancmunns
1163 198 1227 254 u.
1663 202 1772 270 aas

68 347 133 401 Δ.
167 346 517 414 loquutionem
554 346 1008 413 elegantissimam,
1057 345 1493 416 πολιορκεῖσθαι
1525 341 1637 402 ὑπὸ
1674 362 1764 401 συ-

68 420 403 488 κοφαντῶν,
461 437 493 470 a
550 419 1151 469 calumniatoribus
1195 421 1451 469 vexari:
1505 435 1602 485 qua
1644 430 1764 469 num

67 493 183 555 quis
212 492 398 542 rhetor
430 506 645 555 unquam
674 490 852 556 'potuit
882 491 1172 556 excogitare
1206 491 1586 541 venustiorem?
1657 490 1763 540 Sed

64 563 138 612 ibi
186 580 337 627 quum
377 564 606 629 imaginis
654 562 860 612 audacia
905 577 969 611 eo
1021 562 1313 627 mitigetur,
1371 560 1506 628 quod
1565 561 1762 612 urbium

66 635 264 684 obsidio
304 639 451 683 antea
486 638 882 683 commemorata
918 637 1030 694 est,
1077 638 1185 682 tum
1234 649 1447 699 prorsus
1494 632 1762 698 singularis

66 721 190 755 usas
227 710 312 754 est
333 706 476 754 verbi
511 704 762 763 ἐκδῦναι,
799 704 935 770 quod
971 721 1021 770 p.
1056 704 1180 755 147.
1215 705 1298 766 E„
1335 706 1422 755 ubi
1456 703 1570 753 vide
1606 719 1760 753 anno-

64 781 199 837 tata,
246 777 551 841 simpliciter
591 776 778 826 dicitur
823 776 889 824 de
935 780 1126 826 mutata
1172 777 1325 840 animi
1371 776 1652 843 sententia„
1688 776 1761 826 ita

63 848 297 914 quidem,
331 853 393 897 ut
426 849 478 898 in
514 853 628 898 tota
662 849 894 897 oratione
942 848 1070 896 nihil
1121 849 1436 912 reperiatur,
1476 845 1612 912 quod
1652 852 1759 897 tam

62 920 307 970 audacem
349 924 405 968 et
461 920 715 969 insolitam
773 919 1127 984 metaphoram
1181 919 1341 969 leniat
1396 925 1452 973 et
1516 919 1759 971 emolliat.

63 990 181 1042 Non
226 992 390 1042 minus
439 990 598 1041 habet
650 991 976 1050 offensionis,
1026 990 1160 1055 quod
1196 1008 1247 1057 p.
1285 991 1410 1041 148.
1442 992 1505 1043 A.
1541 990 1778 1057 legimus>

59 1057 308 1131 μαργόν,
360 1064 412 1112 in
448 1078 550 1128 quo
585 1064 898 1127 interpretes
935 1061 1122 1126 dudum
1155 1063 1230 1113 ita
1263 1062 1569 1124 haeserunt,
1616 1067 1675 1112 ut
1704 1059 1759 1112 id

28 1163 31 1165 >
63 1133 424 1220 eorrigendum
461 1150 579 1184 esse
615 1135 904 1183 statuerint.
977 1133 1084 1202 Sed
1118 1150 1231 1184 mea
1267 1134 1469 1200 quidem
1505 1131 1761 1186 sententia

57 1207 300 1272 scriptori
334 1206 513 1256 iniuria
548 1207 765 1272 eripitur
800 1204 935 1271 quod
968 1205 1081 1270 ipse
1116 1206 1346 1256 studiose
1381 1207 1649 1273 quaesivit,
1687 1206 1814 1269 ai-s

60 1278 266 1344 quidem
311 1278 573 1329 inficetum
621 1283 827 1352 captans
863 1277 1133 1327 verborum
1177 1278 1343 1327 lusum
1388 1294 1630 1344 perverse
1675 1277 1757 1329 lo-‘

59 1355 248 1414 quotus
284 1356 386 1401 est.
457 1350 731 1400 Enimvero
769 1366 914 1414 quam
952 1366 1131 1415 parum
1163 1350 1248 1399 hic
1284 1351 1517 1401 tenebrio
1556 1350 1758 1415 perspi·-

59 1423 268 1473 euitatis
306 1423 377 1473 ait
411 1438 610 1483 amans,
647 1422 930 1472 clarissime
965 1427 1174 1486 apparet
1209 1437 1271 1470 ex
1307 1422 1630 1487 p.14:3.13:.,
1667 1422 1758 1472 ubl
1853 1455 1856 1457 -

63 1496 240 1547 εἰπεῖν
276 1499 364 1544 aut
398 1495 821 1561 interrogare
856 1492 1141 1559 siguificat
1185 1493 1319 1559 quod
1353 1493 1596 1558 loquendi
1630 1509 1753 1544 eou-
1835 1541 1840 1546 .

60 1558 317 1616 suetudini
352 1565 674 1627 adversatur,
709 1571 797 1616 aut
833 1565 1161 1616 stolidissima
1194 1565 1502 1616 diversarum
1547 1570 1756 1621 senten-

54 1638 258 1689 tiaram
295 1640 671 1718 permutatione
724 1639 944 1703 ponitur.
1033 1636 1279 1687 Eiusdem
1337 1653 1498 1703 paene
1560 1637 1756 1687 faiinae

59 1715 182 1762 sunt
213 1707 409 1775 ἀπορῶ
441 1704 551 1777 μή,
588 1708 723 1775 quod
757 1710 972 1775 legimus
1009 1726 1058 1775 p
1096 1709 1217 1762 142.
1255 1709 1343 1772 D.
1382 1714 1436 1759 et
1470 1705 1612 1780 ὁρᾶς
1649 1699 1754 1761 οὖν

55 1781 394 1868 p3146.1).‚
434 1798 496 1832 ex
533 1783 714 1849 quibus
749 1782 967 1831 alterum
1001 1798 1242 1847 perverse
1280 1781 1492 1845 dicitur,
1538 1781 1758 1833 alterum

58 1854 107 1904 ai
139 1869 240 1904 non
290 1854 497 1920 inepte,
545 1859 690 1904 certe
724 1870 824 1903 non
861 1870 950 1915 ea,
987 1870 1083 1918 qua
1116 1854 1265 1903 Plato
1302 1853 1467 1915 solet,
1503 1853 1758 1920 elegantia

57 1924 347 1976 adhibetur.
435 1927 608 1990 Quid?
640 1927 851 1989 *satisne
898 1931 953 1975 te
1000 1926 1256 1976 delectant
1298 1926 1426 1976 haec
1462 1925 1757 1976 Platonicae

58 1998 264 2048 seilicet
310 1998 591 2048 venustatis
639 1998 950 2063 specimina?
1035 1998 1105 2048 At
1161 1996 1291 2047 cedo
1352 1997 1526 2063 plura,
1570 1998 1756 2064 inquis,
1826 1992 1830 2002 ’

58 2071 138 2120 rei
173 2070 436 2135 exempla!
507 2069 694 2120 Recte.
766 2068 1086 2135 Profliganda
1132 2070 1266 2120 enim
1313 2070 1545 2136 quaestio
1582 2074 1664 2121 est
1701 2074 1758 2121 et

0 2187 1 2198 ἶ
59 2156 127 2192 eo
126 2157 309 2227 ’usque
342 2141 683 2207 perducenda,
719 2148 779 2191 ut
810 2140 894 2190 vel
926 2142 1314 2206 superstitiosos
1350 2146 1525 2207 tangat
1561 2141 1758 2192 erroris

0 2228 1 2265 ι
60 2214 143 2265 sui
183 2214 513 2279 poenitentia.
583 2212 851 2298 Quomodo
898 2213 1052 2278 igitur
1097 2212 1266 2278 placet
1300 2214 1396 2263 tibi
1429 2212 1650 2264 formula
1678 2206 1757 2264 ἂν

0 2280 1 2283 ¹
58 2284 299 2348 δυνηθῶ
340 2301 391 2351 p.
428 2284 548 2335 145.
586 2286 649 2339 A.
686 2286 762 2335 sic
798 2286 988 2351 posita,
1035 2289 1093 2334 ut
1138 2300 1234 2335 nec
1266 2301 1362 2351 per
1397 2300 1456 2335 se
1491 2284 1761 2336 commoda

59 2357 361 2408 adhibeatur
407 2373 504 2407 nec
552 2357 781 2407 Platonis
827 2355 1246 2407 consuetudinem
1301 2356 1535 2408 referat?
1623 2356 1761 2422 Quid-

58 2445 244 2482 aenaea
281 2429 347 2479 de
380 2444 478 2479 usu
509 2430 818 2494 pronominis
856 2422 1064 2493 ταύτην
1088 2429 1276 2479 ibidem
1304 2428 1362 2479 C.
1386 2444 1482 2495 pro
1517 2422 1756 2493 ἑκάστην

60 2495 282 2553 wtizam
323 2500 631 2566 accipiendi,
681 2517 778 2552 nee
825 2500 931 2551 ullo
979 2500 1131 2551 modo
1172 2500 1506 2552 emendandi!
1585 2501 1754 2566 Quid‘l

62 2588 181 2624 num
232 2588 327 2639 pro
371 2573 635 2624 Platonico
681 2574 904 2657 probas,
952 2572 1087 2657 quod
1136 2572 1321 2623 eodem
1367 2572 1484 2623 loco
1532 2588 1634 2624 non
1679 2575 1757 2625 ita

62 2643 227 2696 multo
273 2651 393 2709 poat
427 2645 642 2711 legitur,
690 2663 782 2698 και
818 2637 991 2697 τᾶὶλα
1027 2636 1136 2696 ἀνὰ
1165 2639 1349 2714 λόγον
1372 2638 1624 2730 τούτοις,
1659 2660 1759 2727 pro

64 2731 167 2781 quo
202 2716 560 2782 philosophum
596 2717 930 2782 frequentare
970 2716 1198 2768 novimus
1245 2716 1340 2769 καὶ
1376 2707 1550 2769 τᾶλλα
1588 2710 1755 2778 ώςαύ

60 2789 210 2849 τωςὶ
286 2787 403 2841 Noa
454 2789 619 2846 minus
666 2789 993 2840 dubitationis
1035 2788 1223 2851 babet,
1271 2788 1406 2856 quod
1451 2804 1501 2855 p.
1536 2788 1657 2842 150.
1695 2790 1757 2845 B.

63 2859 256 2912 dicitur
304 2856 338 2912 ὅ
383 2877 443 2912 τι
487 2863 547 2912 ἐν
595 2860 674 2926 νῷ
729 2860 865 2929 ἔχεις
912 2853 1053 2930 πρὸς
1097 2860 1301 2924 ταῦτα,
1349 2859 1500 2927 quid
1538 2860 1615 2911 de
1651 2860 1757 2913 hia

65 2932 361 2991 aentiaa5
398 2931 532 2996 quod
567 2932 640 2984 ita
672 2933 906 2999 usurpari
939 2950 968 2983 a
1001 2933 1193 2998 probae
1230 2933 1538 2985 Graecitatis
1574 2938 1755 2984 aucto-

63 3004 211 3056 ribus
245 3018 397 3054 nemo
431 3005 692 3072 quisquam
729 3005 1081 3055 demonstrare
1116 3006 1323 3087 poterit.
1391 3004 1531 3055 idem
1568 3005 1762 3060 dictum

65 3082 186 3127 cato
231 3074 301 3127 de
338 3076 508 3127 verbis
551 3092 602 3142 p.
656 3076 778 3128 151.
827 3076 888 3132 B.
925 3073 1100 3141 ηδὲως
1135 3070 1205 3127 ἂν
1241 3074 1420 3141 ἴδοιμι
1457 3070 1759 3144 δεξάμενον

64 3142 339 3215 δμαυτόν,
371 3162 468 3212 pro
502 3150 684 3211 quibus
718 3149 893 3215 eequis
931 3154 1014 3199 est
1047 3150 1299 3200 sermonis
1324 3149 1571 3201 Platonici
1592 3147 1764 3213 paullo

64 3219 287 3285 peritior
324 3219 443 3284 quin
467 3226 735 3286 exspectet
754 3222 930 3287 potius
949 3220 1107 3272 haec.
1143 3215 1320 3287 ηδέως
1355 3237 1425 3272 αν
1461 3218 1762 3288 δεξαίμηνῖ

64 3289 171 3342 Sed
217 3291 365 3356 plura
411 3290 462 3341 id
509 3308 671 3360 genua
716 3299 897 3344 notare
946 3293 1068 3360 quid
1124 3294 1290 3353 iuvat,
1346 3307 1496 3357 quum
1553 3292 1763 3359 singulis

65 3361 186 3413 fere
220 3363 417 3429 paginis
451 3363 502 3414 in
535 3366 908 3418 commentariis
945 3366 1076 3417 tales
1112 3364 1393 3430 elegantiae
1427 3379 1640 3415 veneres
1675 3365 1765 3415 de-

65 3436 559 3490 monstraverimus?
642 3435 812 3494 Unam
859 3444 1028 3493 tamen
1075 3437 1262 3490 cumuli
1307 3437 1467 3488 instar
1516 3436 1646 3488 addo
1683 3453 1766 3490 ra-
