<?xml version="1.0" encoding="UTF-8"?>
<!DOCTYPE html PUBLIC "-//W3C//DTD XHTML 1.0 Transitional//EN"
    "http://www.w3.org/TR/xhtml1/DTD/xhtml1-transitional.dtd">
<html xmlns="http://www.w3.org/1999/xhtml" xml:lang="en" lang="en">
 <head>
  <title>
</title>
<meta http-equiv="Content-Type" content="text/html;charset=utf-8" />
  <meta name='ocr-system' content='tesseract 3.04.00' />
  <meta name='ocr-capabilities' content='ocr_page ocr_carea ocr_par ocr_line ocrx_word'/>
</head>
<body>
  <div class='ocr_page' id='page_1' title='image "./s1s2operaomniare05platuoft_0107.png"; bbox 0 0 2066 3666; ppageno 0'>
   <div class='ocr_carea' id='block_1_1' title="bbox 0 594 37 3666">
    <p class='ocr_par' dir='ltr' id='par_1_1' title="bbox 0 594 37 3666">
     <span class='ocr_line' id='line_1_1' title="bbox 0 594 37 3666; baseline 0 0"><span class='ocrx_word' id='word_1_1' title='bbox 0 594 37 3666; x_wconf 95' lang='lat' dir='ltr'><strong> </strong></span> 
     </span>
    </p>
   </div>
   <div class='ocr_carea' id='block_1_2' title="bbox 724 186 1825 242">
    <p class='ocr_par' dir='ltr' id='par_1_2' title="bbox 724 186 1825 242">
     <span class='ocr_line' id='line_1_2' title="bbox 724 186 1825 242; baseline -0.003 0"><span class='ocrx_word' id='word_1_2' title='bbox 724 186 1228 242; x_wconf 78' lang='lat' dir='ltr'><strong>anRMmES.</strong></span> <span class='ocrx_word' id='word_1_3' title='bbox 1751 188 1825 240; x_wconf 70' lang='lat'><strong>97</strong></span> 
     </span>
    </p>
   </div>
   <div class='ocr_carea' id='block_1_3' title="bbox 62 332 1839 1695">
    <p class='ocr_par' dir='ltr' id='par_1_3' title="bbox 62 332 1839 1695">
     <span class='ocr_line' id='line_1_3' title="bbox 127 332 1824 405; baseline -0.002 -16"><span class='ocrx_word' id='word_1_4' title='bbox 127 339 286 405; x_wconf 87' lang='lat' dir='ltr'><strong>ipsius</strong></span> <span class='ocrx_word' id='word_1_5' title='bbox 321 338 539 389; x_wconf 86' lang='lat' dir='ltr'><strong>inertiae</strong></span> <span class='ocrx_word' id='word_1_6' title='bbox 572 335 783 396; x_wconf 77' lang='lat' dir='ltr'><strong>tribuit,</strong></span> <span class='ocrx_word' id='word_1_7' title='bbox 835 333 970 398; x_wconf 88' lang='lat' dir='ltr'><strong>quod</strong></span> <span class='ocrx_word' id='word_1_8' title='bbox 1015 332 1383 398; x_wconf 77' lang='lat' dir='ltr'><strong>temperantiae</strong></span> <span class='ocrx_word' id='word_1_9' title='bbox 1428 335 1688 390; x_wconf 85' lang='lat' dir='ltr'><strong>notionem</strong></span> <span class='ocrx_word' id='word_1_10' title='bbox 1721 348 1824 385; x_wconf 85' lang='lat' dir='ltr'><strong>non</strong></span> 
     </span>
     <span class='ocr_line' id='line_1_4' title="bbox 126 405 1822 476; baseline -0.004 -16"><span class='ocrx_word' id='word_1_11' title='bbox 126 412 391 476; x_wconf 90' lang='lat' dir='ltr'><strong>potuerint</strong></span> <span class='ocrx_word' id='word_1_12' title='bbox 428 411 709 473; x_wconf 74' lang='lat' dir='ltr'><strong>exquirere.</strong></span> <span class='ocrx_word' id='word_1_13' title='bbox 782 406 1011 471; x_wconf 90' lang='lat' dir='ltr'><strong>Accepta</strong></span> <span class='ocrx_word' id='word_1_14' title='bbox 1056 407 1187 455; x_wconf 88' lang='lat' dir='ltr'><strong>enim</strong></span> <span class='ocrx_word' id='word_1_15' title='bbox 1226 405 1418 456; x_wconf 84' lang='lat' dir='ltr'><strong>Critiae</strong></span> <span class='ocrx_word' id='word_1_16' title='bbox 1463 408 1822 472; x_wconf 84' lang='lat' dir='ltr'><strong>responsione:</strong></span> 
     </span>
     <span class='ocr_line' id='line_1_5' title="bbox 126 477 1821 547; baseline -0.004 -15"><span class='ocrx_word' id='word_1_17' title='bbox 126 483 268 547; x_wconf 82' lang='lat' dir='ltr'><strong>Ergo</strong></span> <span class='ocrx_word' id='word_1_18' title='bbox 305 498 404 531; x_wconf 92' lang='lat' dir='ltr'><strong>non</strong></span> <span class='ocrx_word' id='word_1_19' title='bbox 451 481 646 530; x_wconf 88' lang='lat' dir='ltr'><strong>frustra</strong></span> <span class='ocrx_word' id='word_1_20' title='bbox 691 478 926 542; x_wconf 87' lang='lat' dir='ltr'><strong>equidem</strong></span> <span class='ocrx_word' id='word_1_21' title='bbox 971 477 1212 538; x_wconf 70' lang='lat' dir='ltr'><strong>verebar,</strong></span> <span class='ocrx_word' id='word_1_22' title='bbox 1246 478 1447 541; x_wconf 85' lang='lat' dir='ltr'><strong>inquit,</strong></span> <span class='ocrx_word' id='word_1_23' title='bbox 1495 494 1562 527; x_wconf 89' lang='lat' dir='ltr'><strong>ne</strong></span> <span class='ocrx_word' id='word_1_24' title='bbox 1599 496 1695 544; x_wconf 87' lang='lat' dir='ltr'><strong>ego</strong></span> <span class='ocrx_word' id='word_1_25' title='bbox 1731 494 1821 542; x_wconf 87' lang='lat' dir='ltr'><strong>pa-</strong></span> 
     </span>
     <span class='ocr_line' id='line_1_6' title="bbox 125 550 1822 615; baseline -0.004 -11"><span class='ocrx_word' id='word_1_26' title='bbox 125 570 241 604; x_wconf 87' lang='lat' dir='ltr'><strong>rum</strong></span> <span class='ocrx_word' id='word_1_27' title='bbox 289 553 474 603; x_wconf 88' lang='lat' dir='ltr'><strong>sollers</strong></span> <span class='ocrx_word' id='word_1_28' title='bbox 523 568 692 601; x_wconf 89' lang='lat' dir='ltr'><strong>essem</strong></span> <span class='ocrx_word' id='word_1_29' title='bbox 747 550 927 598; x_wconf 87' lang='lat' dir='ltr'><strong>harum</strong></span> <span class='ocrx_word' id='word_1_30' title='bbox 991 565 1163 598; x_wconf 88' lang='lat' dir='ltr'><strong>rerum</strong></span> <span class='ocrx_word' id='word_1_31' title='bbox 1210 550 1561 614; x_wconf 76' lang='lat' dir='ltr'><strong>investigator.</strong></span> <span class='ocrx_word' id='word_1_32' title='bbox 1641 551 1822 615; x_wconf 89' lang='lat' dir='ltr'><strong>Neque</strong></span> 
     </span>
     <span class='ocr_line' id='line_1_7' title="bbox 126 620 1823 688; baseline -0.001 -14"><span class='ocrx_word' id='word_1_33' title='bbox 126 627 259 674; x_wconf 91' lang='lat' dir='ltr'><strong>enim</strong></span> <span class='ocrx_word' id='word_1_34' title='bbox 292 626 392 674; x_wconf 91' lang='lat' dir='ltr'><strong>iam</strong></span> <span class='ocrx_word' id='word_1_35' title='bbox 427 623 509 684; x_wconf 89' lang='lat' dir='ltr'><strong>id,</strong></span> <span class='ocrx_word' id='word_1_36' title='bbox 558 622 694 687; x_wconf 88' lang='lat' dir='ltr'><strong>quod</strong></span> <span class='ocrx_word' id='word_1_37' title='bbox 743 621 995 670; x_wconf 91' lang='lat' dir='ltr'><strong>communi</strong></span> <span class='ocrx_word' id='word_1_38' title='bbox 1042 620 1300 670; x_wconf 91' lang='lat' dir='ltr'><strong>hominum</strong></span> <span class='ocrx_word' id='word_1_39' title='bbox 1349 621 1682 672; x_wconf 70' lang='lat' dir='ltr'><strong>consensione</strong></span> <span class='ocrx_word' id='word_1_40' title='bbox 1727 640 1823 688; x_wconf 91' lang='lat' dir='ltr'><strong>pro</strong></span> 
     </span>
     <span class='ocr_line' id='line_1_8' title="bbox 126 691 1839 759; baseline 0 -14"><span class='ocrx_word' id='word_1_41' title='bbox 126 697 259 755; x_wconf 83' lang='lat' dir='ltr'><strong>bono</strong></span> <span class='ocrx_word' id='word_1_42' title='bbox 307 695 557 755; x_wconf 76' lang='lat' dir='ltr'><strong>habeturt,</strong></span> <span class='ocrx_word' id='word_1_43' title='bbox 608 695 869 743; x_wconf 73' lang='lat' dir='ltr'><strong>videretur</strong></span> <span class='ocrx_word' id='word_1_44' title='bbox 920 691 1134 752; x_wconf 90' lang='lat' dir='ltr'><strong>inutile,</strong></span> <span class='ocrx_word' id='word_1_45' title='bbox 1200 693 1244 741; x_wconf 87' lang='lat' dir='ltr'><strong>si</strong></span> <span class='ocrx_word' id='word_1_46' title='bbox 1293 691 1575 743; x_wconf 88' lang='lat' dir='ltr'><strong>disserendi</strong></span> <span class='ocrx_word' id='word_1_47' title='bbox 1623 696 1839 759; x_wconf 87' lang='lat' dir='ltr'><strong>peritus·</strong></span> 
     </span>
     <span class='ocr_line' id='line_1_9' title="bbox 124 765 1823 830; baseline -0.001 -13"><span class='ocrx_word' id='word_1_48' title='bbox 124 782 310 817; x_wconf 85' lang='lat' dir='ltr'><strong>essem.</strong></span> <span class='ocrx_word' id='word_1_49' title='bbox 391 766 495 816; x_wconf 87' lang='lat' dir='ltr'><strong>Sed</strong></span> <span class='ocrx_word' id='word_1_50' title='bbox 554 766 789 815; x_wconf 88' lang='lat' dir='ltr'><strong>nimirum</strong></span> <span class='ocrx_word' id='word_1_51' title='bbox 844 779 944 813; x_wconf 89' lang='lat' dir='ltr'><strong>non</strong></span> <span class='ocrx_word' id='word_1_52' title='bbox 998 765 1212 828; x_wconf 77' lang='lat' dir='ltr'><strong>contigit</strong></span> <span class='ocrx_word' id='word_1_53' title='bbox 1263 765 1407 814; x_wconf 91' lang='lat' dir='ltr'><strong>nobis</strong></span> <span class='ocrx_word' id='word_1_54' title='bbox 1455 769 1823 830; x_wconf 83' lang='lat' dir='ltr'><strong>temperantiae</strong></span> 
     </span>
     <span class='ocr_line' id='line_1_10' title="bbox 121 834 1826 899; baseline 0 -10"><span class='ocrx_word' id='word_1_55' title='bbox 121 847 351 889; x_wconf 88' lang='lat' dir='ltr'><strong>naturam</strong></span> <span class='ocrx_word' id='word_1_56' title='bbox 387 839 640 899; x_wconf 80' lang='lat' dir='ltr'><strong>invenire,</strong></span> <span class='ocrx_word' id='word_1_57' title='bbox 691 837 815 886; x_wconf 76' lang='lat' dir='ltr'><strong>licet</strong></span> <span class='ocrx_word' id='word_1_58' title='bbox 858 834 1020 885; x_wconf 88' lang='lat' dir='ltr'><strong>multa</strong></span> <span class='ocrx_word' id='word_1_59' title='bbox 1056 837 1380 885; x_wconf 81' lang='lat' dir='ltr'><strong>sumserimus</strong></span> <span class='ocrx_word' id='word_1_60' title='bbox 1418 842 1472 886; x_wconf 90' lang='lat' dir='ltr'><strong>et</strong></span> <span class='ocrx_word' id='word_1_61' title='bbox 1507 841 1826 889; x_wconf 87' lang='lat' dir='ltr'><strong>concesseri-</strong></span> 
     </span>
     <span class='ocr_line' id='line_1_11' title="bbox 124 909 1824 975; baseline 0 -14"><span class='ocrx_word' id='word_1_62' title='bbox 124 926 268 970; x_wconf 87' lang='lat' dir='ltr'><strong>mus,</strong></span> <span class='ocrx_word' id='word_1_63' title='bbox 314 925 440 975; x_wconf 88' lang='lat' dir='ltr'><strong>quae</strong></span> <span class='ocrx_word' id='word_1_64' title='bbox 478 909 742 973; x_wconf 86' lang='lat' dir='ltr'><strong>quominus</strong></span> <span class='ocrx_word' id='word_1_65' title='bbox 787 913 1025 971; x_wconf 90' lang='lat' dir='ltr'><strong>tanquam</strong></span> <span class='ocrx_word' id='word_1_66' title='bbox 1060 922 1179 957; x_wconf 75' lang='lat' dir='ltr'><strong>vera</strong></span> <span class='ocrx_word' id='word_1_67' title='bbox 1217 914 1550 972; x_wconf 78' lang='lat' dir='ltr'><strong>ponerentur,</strong></span> <span class='ocrx_word' id='word_1_68' title='bbox 1597 912 1824 963; x_wconf 82' lang='lat' dir='ltr'><strong>rationes</strong></span> 
     </span>
     <span class='ocr_line' id='line_1_12' title="bbox 123 979 1823 1048; baseline 0.001 -16"><span class='ocrx_word' id='word_1_69' title='bbox 123 989 333 1033; x_wconf 81' lang='lat' dir='ltr'><strong>nostrae</strong></span> <span class='ocrx_word' id='word_1_70' title='bbox 380 981 733 1046; x_wconf 87' lang='lat' dir='ltr'><strong>prohibebant.</strong></span> <span class='ocrx_word' id='word_1_71' title='bbox 806 979 1099 1042; x_wconf 80' lang='lat' dir='ltr'><strong>Quanquam</strong></span> <span class='ocrx_word' id='word_1_72' title='bbox 1144 981 1276 1029; x_wconf 90' lang='lat' dir='ltr'><strong>enim</strong></span> <span class='ocrx_word' id='word_1_73' title='bbox 1315 980 1575 1030; x_wconf 81' lang='lat' dir='ltr'><strong>evidenter</strong></span> <span class='ocrx_word' id='word_1_74' title='bbox 1611 993 1823 1048; x_wconf 84' lang='lat' dir='ltr'><strong>appare-</strong></span> 
     </span>
     <span class='ocr_line' id='line_1_13' title="bbox 123 1050 1824 1117; baseline 0.001 -13"><span class='ocrx_word' id='word_1_75' title='bbox 123 1054 211 1104; x_wconf 84' lang='lat' dir='ltr'><strong>bat</strong></span> <span class='ocrx_word' id='word_1_76' title='bbox 248 1068 412 1117; x_wconf 90' lang='lat' dir='ltr'><strong>neque</strong></span> <span class='ocrx_word' id='word_1_77' title='bbox 448 1054 714 1102; x_wconf 88' lang='lat' dir='ltr'><strong>scientiam</strong></span> <span class='ocrx_word' id='word_1_78' title='bbox 750 1051 902 1099; x_wconf 81' lang='lat' dir='ltr'><strong>ullam</strong></span> <span class='ocrx_word' id='word_1_79' title='bbox 941 1066 1074 1112; x_wconf 90' lang='lat' dir='ltr'><strong>esse,</strong></span> <span class='ocrx_word' id='word_1_80' title='bbox 1112 1061 1240 1115; x_wconf 87' lang='lat' dir='ltr'><strong>quae</strong></span> <span class='ocrx_word' id='word_1_81' title='bbox 1275 1050 1338 1100; x_wconf 89' lang='lat' dir='ltr'><strong>ad</strong></span> <span class='ocrx_word' id='word_1_82' title='bbox 1377 1067 1524 1102; x_wconf 90' lang='lat' dir='ltr'><strong>unam</strong></span> <span class='ocrx_word' id='word_1_83' title='bbox 1562 1054 1824 1107; x_wconf 90' lang='lat' dir='ltr'><strong>scientiam</strong></span> 
     </span>
     <span class='ocr_line' id='line_1_14' title="bbox 120 1123 1823 1188; baseline 0.002 -13"><span class='ocrx_word' id='word_1_84' title='bbox 120 1125 439 1186; x_wconf 75' lang='lat' dir='ltr'><strong>referretur,</strong></span> <span class='ocrx_word' id='word_1_85' title='bbox 496 1140 661 1188; x_wconf 89' lang='lat' dir='ltr'><strong>neque</strong></span> <span class='ocrx_word' id='word_1_86' title='bbox 707 1124 967 1173; x_wconf 87' lang='lat' dir='ltr'><strong>materiam</strong></span> <span class='ocrx_word' id='word_1_87' title='bbox 1017 1123 1323 1187; x_wconf 90' lang='lat' dir='ltr'><strong>reliquarum</strong></span> <span class='ocrx_word' id='word_1_88' title='bbox 1371 1126 1551 1175; x_wconf 88' lang='lat' dir='ltr'><strong>artium</strong></span> <span class='ocrx_word' id='word_1_89' title='bbox 1601 1127 1651 1175; x_wconf 90' lang='lat' dir='ltr'><strong>ei</strong></span> <span class='ocrx_word' id='word_1_90' title='bbox 1703 1143 1823 1178; x_wconf 82' lang='lat' dir='ltr'><strong>esse</strong></span> 
     </span>
     <span class='ocr_line' id='line_1_15' title="bbox 120 1195 1823 1262; baseline 0.002 -16"><span class='ocrx_word' id='word_1_91' title='bbox 120 1198 430 1258; x_wconf 78' lang='lat' dir='ltr'><strong>subiectam,</strong></span> <span class='ocrx_word' id='word_1_92' title='bbox 477 1203 646 1246; x_wconf 88' lang='lat' dir='ltr'><strong>tamen</strong></span> <span class='ocrx_word' id='word_1_93' title='bbox 682 1202 952 1258; x_wconf 89' lang='lat' dir='ltr'><strong>utrumque</strong></span> <span class='ocrx_word' id='word_1_94' title='bbox 987 1195 1059 1246; x_wconf 84' lang='lat' dir='ltr'><strong>ita</strong></span> <span class='ocrx_word' id='word_1_95' title='bbox 1095 1211 1153 1244; x_wconf 88' lang='lat' dir='ltr'><strong>se</strong></span> <span class='ocrx_word' id='word_1_96' title='bbox 1201 1195 1392 1246; x_wconf 89' lang='lat' dir='ltr'><strong>habere</strong></span> <span class='ocrx_word' id='word_1_97' title='bbox 1427 1198 1716 1262; x_wconf 75' lang='lat' dir='ltr'><strong>posuimus,</strong></span> <span class='ocrx_word' id='word_1_98' title='bbox 1762 1204 1823 1251; x_wconf 82' lang='lat' dir='ltr'><strong>ut</strong></span> 
     </span>
     <span class='ocr_line' id='line_1_16' title="bbox 120 1268 1821 1334; baseline 0.003 -16"><span class='ocrx_word' id='word_1_99' title='bbox 120 1268 308 1333; x_wconf 80' lang='lat' dir='ltr'><strong>aliquid</strong></span> <span class='ocrx_word' id='word_1_100' title='bbox 341 1268 721 1334; x_wconf 83' lang='lat' dir='ltr'><strong>proficeremus.</strong></span> <span class='ocrx_word' id='word_1_101' title='bbox 791 1268 982 1319; x_wconf 77' lang='lat' dir='ltr'><strong>Verum</strong></span> <span class='ocrx_word' id='word_1_102' title='bbox 1024 1283 1141 1332; x_wconf 85' lang='lat' dir='ltr'><strong>spes</strong></span> <span class='ocrx_word' id='word_1_103' title='bbox 1178 1273 1357 1317; x_wconf 85' lang='lat' dir='ltr'><strong>nostra</strong></span> <span class='ocrx_word' id='word_1_104' title='bbox 1390 1269 1536 1318; x_wconf 87' lang='lat' dir='ltr'><strong>irrita</strong></span> <span class='ocrx_word' id='word_1_105' title='bbox 1572 1268 1700 1332; x_wconf 82' lang='lat' dir='ltr'><strong>fuit,</strong></span> <span class='ocrx_word' id='word_1_106' title='bbox 1751 1272 1821 1323; x_wconf 85' lang='lat' dir='ltr'><strong>si-</strong></span> 
     </span>
     <span class='ocr_line' id='line_1_17' title="bbox 119 1338 1823 1406; baseline 0.004 -17"><span class='ocrx_word' id='word_1_107' title='bbox 119 1340 323 1405; x_wconf 88' lang='lat' dir='ltr'><strong>quidem</strong></span> <span class='ocrx_word' id='word_1_108' title='bbox 360 1340 521 1389; x_wconf 89' lang='lat' dir='ltr'><strong>adbuc</strong></span> <span class='ocrx_word' id='word_1_109' title='bbox 566 1341 883 1406; x_wconf 85' lang='lat' dir='ltr'><strong>ignoramus,</strong></span> <span class='ocrx_word' id='word_1_110' title='bbox 933 1338 1052 1402; x_wconf 91' lang='lat' dir='ltr'><strong>quid</strong></span> <span class='ocrx_word' id='word_1_111' title='bbox 1100 1339 1170 1390; x_wconf 89' lang='lat' dir='ltr'><strong>sit</strong></span> <span class='ocrx_word' id='word_1_112' title='bbox 1212 1339 1367 1404; x_wconf 87' lang='lat' dir='ltr'><strong>illud,</strong></span> <span class='ocrx_word' id='word_1_113' title='bbox 1415 1341 1468 1390; x_wconf 88' lang='lat' dir='ltr'><strong>in</strong></span> <span class='ocrx_word' id='word_1_114' title='bbox 1515 1355 1615 1406; x_wconf 93' lang='lat' dir='ltr'><strong>quo</strong></span> <span class='ocrx_word' id='word_1_115' title='bbox 1649 1343 1727 1394; x_wconf 81' lang='lat' dir='ltr'><strong>vis</strong></span> <span class='ocrx_word' id='word_1_116' title='bbox 1763 1349 1823 1396; x_wconf 84' lang='lat' dir='ltr'><strong>et</strong></span> 
     </span>
     <span class='ocr_line' id='line_1_18' title="bbox 122 1406 1772 1480; baseline -0.002 -18"><span class='ocrx_word' id='word_1_117' title='bbox 122 1421 302 1464; x_wconf 85' lang='lat' dir='ltr'><strong>natura</strong></span> <span class='ocrx_word' id='word_1_118' title='bbox 337 1412 706 1477; x_wconf 86' lang='lat' dir='ltr'><strong>temperantiae</strong></span> <span class='ocrx_word' id='word_1_119' title='bbox 741 1413 980 1460; x_wconf 84' lang='lat' dir='ltr'><strong>cernatur</strong></span> <span class='ocrx_word' id='word_1_120' title='bbox 1003 1406 1074 1480; x_wconf 87' lang='lat'><strong>*).</strong></span> <span class='ocrx_word' id='word_1_121' title='bbox 1770 1448 1772 1450; x_wconf 22' lang='lat' dir='ltr'>v</span> 
     </span>
     <span class='ocr_line' id='line_1_19' title="bbox 265 1481 1820 1552; baseline 0.003 -19"><span class='ocrx_word' id='word_1_122' title='bbox 265 1483 395 1533; x_wconf 82' lang='lat' dir='ltr'><strong>Tum</strong></span> <span class='ocrx_word' id='word_1_123' title='bbox 431 1499 553 1533; x_wconf 74' lang='lat' dir='ltr'><strong>vero</strong></span> <span class='ocrx_word' id='word_1_124' title='bbox 592 1482 823 1533; x_wconf 89' lang='lat' dir='ltr'><strong>oratione</strong></span> <span class='ocrx_word' id='word_1_125' title='bbox 859 1482 922 1532; x_wconf 90' lang='lat' dir='ltr'><strong>ad</strong></span> <span class='ocrx_word' id='word_1_126' title='bbox 953 1481 1274 1533; x_wconf 84' lang='lat' dir='ltr'><strong>Charmidem</strong></span> <span class='ocrx_word' id='word_1_127' title='bbox 1314 1499 1556 1534; x_wconf 84' lang='lat' dir='ltr'><strong>conversa</strong></span> <span class='ocrx_word' id='word_1_128' title='bbox 1591 1485 1665 1536; x_wconf 86' lang='lat' dir='ltr'><strong>ita</strong></span> <span class='ocrx_word' id='word_1_129' title='bbox 1699 1502 1820 1552; x_wconf 89' lang='lat' dir='ltr'><strong>per-</strong></span> 
     </span>
     <span class='ocr_line' id='line_1_20' title="bbox 62 1554 1820 1621; baseline 0.002 -16"><span class='ocrx_word' id='word_1_130' title='bbox 62 1576 65 1579; x_wconf 92' lang='lat'><em>·</em></span> <span class='ocrx_word' id='word_1_131' title='bbox 118 1556 195 1621; x_wconf 84' lang='lat' dir='ltr'><strong>git</strong></span> <span class='ocrx_word' id='word_1_132' title='bbox 233 1555 436 1604; x_wconf 90' lang='lat' dir='ltr'><strong>dicere:</strong></span> <span class='ocrx_word' id='word_1_133' title='bbox 485 1555 555 1604; x_wconf 80' lang='lat' dir='ltr'><strong>Et</strong></span> <span class='ocrx_word' id='word_1_134' title='bbox 590 1571 754 1605; x_wconf 86' lang='lat' dir='ltr'><strong>meam</strong></span> <span class='ocrx_word' id='word_1_135' title='bbox 792 1554 994 1618; x_wconf 89' lang='lat' dir='ltr'><strong>quidem</strong></span> <span class='ocrx_word' id='word_1_136' title='bbox 1029 1556 1218 1616; x_wconf 83' lang='lat' dir='ltr'><strong>vicem,</strong></span> <span class='ocrx_word' id='word_1_137' title='bbox 1258 1571 1289 1604; x_wconf 97' lang='lat' dir='ltr'><strong>o</strong></span> <span class='ocrx_word' id='word_1_138' title='bbox 1325 1557 1489 1618; x_wconf 91' lang='lat' dir='ltr'><strong>bone,</strong></span> <span class='ocrx_word' id='word_1_139' title='bbox 1525 1559 1690 1608; x_wconf 86' lang='lat' dir='ltr'><strong>minus</strong></span> <span class='ocrx_word' id='word_1_140' title='bbox 1726 1559 1820 1609; x_wconf 86' lang='lat' dir='ltr'><strong>do·-</strong></span> 
     </span>
     <span class='ocr_line' id='line_1_21' title="bbox 118 1627 1820 1695; baseline 0.003 -19"><span class='ocrx_word' id='word_1_141' title='bbox 118 1628 205 1677; x_wconf 86' lang='lat' dir='ltr'><strong>leo</strong></span> <span class='ocrx_word' id='word_1_142' title='bbox 255 1643 401 1690; x_wconf 90' lang='lat' dir='ltr'><strong>quam</strong></span> <span class='ocrx_word' id='word_1_143' title='bbox 447 1632 615 1688; x_wconf 92' lang='lat' dir='ltr'><strong>tuam,</strong></span> <span class='ocrx_word' id='word_1_144' title='bbox 671 1627 757 1690; x_wconf 91' lang='lat' dir='ltr'><strong>qui</strong></span> <span class='ocrx_word' id='word_1_145' title='bbox 806 1642 956 1690; x_wconf 92' lang='lat' dir='ltr'><strong>quum</strong></span> <span class='ocrx_word' id='word_1_146' title='bbox 1003 1631 1143 1676; x_wconf 86' lang='lat' dir='ltr'><strong>tanta</strong></span> <span class='ocrx_word' id='word_1_147' title='bbox 1192 1632 1247 1676; x_wconf 87' lang='lat' dir='ltr'><strong>ct</strong></span> <span class='ocrx_word' id='word_1_148' title='bbox 1292 1629 1443 1676; x_wconf 90' lang='lat' dir='ltr'><strong>animi</strong></span> <span class='ocrx_word' id='word_1_149' title='bbox 1488 1634 1543 1678; x_wconf 85' lang='lat' dir='ltr'><strong>et</strong></span> <span class='ocrx_word' id='word_1_150' title='bbox 1589 1633 1820 1695; x_wconf 85' lang='lat' dir='ltr'><strong>corporis</strong></span> 
     </span>
    </p>
   </div>
   <div class='ocr_carea' id='block_1_4' title="bbox 118 1699 1906 1765">
    <p class='ocr_par' dir='ltr' id='par_1_4' title="bbox 118 1699 1906 1765">
     <span class='ocr_line' id='line_1_22' title="bbox 118 1699 1906 1765; baseline 0.003 -16"><span class='ocrx_word' id='word_1_151' title='bbox 118 1700 310 1749; x_wconf 71' lang='lat' dir='ltr'><strong>virtute</strong></span> <span class='ocrx_word' id='word_1_152' title='bbox 355 1699 564 1765; x_wconf 87' lang='lat' dir='ltr'><strong>insignis</strong></span> <span class='ocrx_word' id='word_1_153' title='bbox 614 1699 713 1759; x_wconf 88' lang='lat' dir='ltr'><strong>sis,</strong></span> <span class='ocrx_word' id='word_1_154' title='bbox 772 1704 945 1748; x_wconf 88' lang='lat' dir='ltr'><strong>tamen</strong></span> <span class='ocrx_word' id='word_1_155' title='bbox 997 1714 1059 1747; x_wconf 86' lang='lat' dir='ltr'><strong>ex</strong></span> <span class='ocrx_word' id='word_1_156' title='bbox 1114 1700 1451 1763; x_wconf 85' lang='lat' dir='ltr'><strong>temperantia</strong></span> <span class='ocrx_word' id='word_1_157' title='bbox 1508 1701 1694 1753; x_wconf 85' lang='lat' dir='ltr'><strong>nullam</strong></span> <span class='ocrx_word' id='word_1_158' title='bbox 1746 1705 1818 1754; x_wconf 90' lang='lat' dir='ltr'><strong>sis</strong></span> <span class='ocrx_word' id='word_1_159' title='bbox 1895 1752 1906 1765; x_wconf 73' lang='grc'><strong>,</strong></span> 
     </span>
    </p>
   </div>
   <div class='ocr_carea' id='block_1_5' title="bbox 61 1770 1882 3203">
    <p class='ocr_par' dir='ltr' id='par_1_5' title="bbox 117 1770 1882 2993">
     <span class='ocr_line' id='line_1_23' title="bbox 117 1770 1882 1837; baseline 0.004 -17"><span class='ocrx_word' id='word_1_160' title='bbox 117 1777 454 1837; x_wconf 85' lang='lat' dir='ltr'><strong>percepturus</strong></span> <span class='ocrx_word' id='word_1_161' title='bbox 491 1770 778 1820; x_wconf 83' lang='lat' dir='ltr'><strong>utilitatem.</strong></span> <span class='ocrx_word' id='word_1_162' title='bbox 852 1770 1141 1834; x_wconf 84' lang='lat' dir='ltr'><strong>Quanquam</strong></span> <span class='ocrx_word' id='word_1_163' title='bbox 1177 1787 1276 1820; x_wconf 89' lang='lat' dir='ltr'><strong>non</strong></span> <span class='ocrx_word' id='word_1_164' title='bbox 1313 1771 1469 1820; x_wconf 90' lang='lat' dir='ltr'><strong>credo</strong></span> <span class='ocrx_word' id='word_1_165' title='bbox 1504 1789 1614 1823; x_wconf 90' lang='lat' dir='ltr'><strong>rem</strong></span> <span class='ocrx_word' id='word_1_166' title='bbox 1652 1775 1724 1824; x_wconf 85' lang='lat' dir='ltr'><strong>ita</strong></span> <span class='ocrx_word' id='word_1_167' title='bbox 1759 1792 1840 1837; x_wconf 19' lang='lat' dir='ltr'><strong>se,</strong></span> <span class='ocrx_word' id='word_1_168' title='bbox 1878 1814 1882 1818; x_wconf 61' lang='grc'><strong><em>»</em></strong></span> 
     </span>
     <span class='ocr_line' id='line_1_24' title="bbox 119 1842 1819 1907; baseline 0.004 -15"><span class='ocrx_word' id='word_1_169' title='bbox 119 1843 335 1903; x_wconf 81' lang='lat' dir='ltr'><strong>habere,</strong></span> <span class='ocrx_word' id='word_1_170' title='bbox 386 1842 476 1891; x_wconf 86' lang='lat' dir='ltr'><strong>sed</strong></span> <span class='ocrx_word' id='word_1_171' title='bbox 532 1843 692 1892; x_wconf 89' lang='lat' dir='ltr'><strong>omnis</strong></span> <span class='ocrx_word' id='word_1_172' title='bbox 742 1843 932 1892; x_wconf 89' lang='lat' dir='ltr'><strong>erroris</strong></span> <span class='ocrx_word' id='word_1_173' title='bbox 983 1842 1132 1892; x_wconf 86' lang='lat' dir='ltr'><strong>huius</strong></span> <span class='ocrx_word' id='word_1_174' title='bbox 1178 1842 1324 1907; x_wconf 83' lang='lat' dir='ltr'><strong>culpa</strong></span> <span class='ocrx_word' id='word_1_175' title='bbox 1370 1844 1420 1893; x_wconf 90' lang='lat' dir='ltr'><strong>in</strong></span> <span class='ocrx_word' id='word_1_176' title='bbox 1463 1861 1629 1895; x_wconf 91' lang='lat' dir='ltr'><strong>meam</strong></span> <span class='ocrx_word' id='word_1_177' title='bbox 1663 1848 1819 1897; x_wconf 88' lang='lat' dir='ltr'><strong>insci-</strong></span> 
     </span>
     <span class='ocr_line' id='line_1_25' title="bbox 122 1913 1821 1984; baseline 0.004 -20"><span class='ocrx_word' id='word_1_178' title='bbox 122 1915 246 1964; x_wconf 86' lang='lat' dir='ltr'><strong>tiam</strong></span> <span class='ocrx_word' id='word_1_179' title='bbox 294 1913 602 1963; x_wconf 75' lang='lat' dir='ltr'><strong>conferenda</strong></span> <span class='ocrx_word' id='word_1_180' title='bbox 643 1918 739 1963; x_wconf 86' lang='lat' dir='ltr'><strong>est.</strong></span> <span class='ocrx_word' id='word_1_181' title='bbox 811 1913 1148 1978; x_wconf 85' lang='lat' dir='ltr'><strong>Nihilominus</strong></span> <span class='ocrx_word' id='word_1_182' title='bbox 1195 1920 1367 1964; x_wconf 87' lang='lat' dir='ltr'><strong>autem</strong></span> <span class='ocrx_word' id='word_1_183' title='bbox 1416 1917 1543 1966; x_wconf 85' lang='lat' dir='ltr'><strong>mihi</strong></span> <span class='ocrx_word' id='word_1_184' title='bbox 1586 1920 1821 1984; x_wconf 80' lang='lat' dir='ltr'><strong>persuasi</strong></span> 
     </span>
     <span class='ocr_line' id='line_1_26' title="bbox 122 1985 1819 2055; baseline 0.004 -19"><span class='ocrx_word' id='word_1_185' title='bbox 122 1987 509 2051; x_wconf 80' lang='lat' dir='ltr'><strong>temperantiam</strong></span> <span class='ocrx_word' id='word_1_186' title='bbox 557 1986 607 2034; x_wconf 92' lang='lat' dir='ltr'><strong>iu</strong></span> <span class='ocrx_word' id='word_1_187' title='bbox 661 1985 805 2035; x_wconf 85' lang='lat' dir='ltr'><strong>bonis</strong></span> <span class='ocrx_word' id='word_1_188' title='bbox 852 1987 1104 2036; x_wconf 90' lang='lat' dir='ltr'><strong>numerari</strong></span> <span class='ocrx_word' id='word_1_189' title='bbox 1152 1992 1421 2052; x_wconf 87' lang='lat' dir='ltr'><strong>oportere,</strong></span> <span class='ocrx_word' id='word_1_190' title='bbox 1482 1993 1566 2052; x_wconf 91' lang='lat' dir='ltr'><strong>ut,</strong></span> <span class='ocrx_word' id='word_1_191' title='bbox 1617 1991 1663 2041; x_wconf 87' lang='lat' dir='ltr'><strong>si</strong></span> <span class='ocrx_word' id='word_1_192' title='bbox 1705 1993 1819 2055; x_wconf 77' lang='lat' dir='ltr'><strong>quia</strong></span> 
     </span>
     <span class='ocr_line' id='line_1_27' title="bbox 126 2056 1818 2122; baseline 0.004 -15"><span class='ocrx_word' id='word_1_193' title='bbox 126 2073 186 2107; x_wconf 91' lang='lat' dir='ltr'><strong>ea</strong></span> <span class='ocrx_word' id='word_1_194' title='bbox 223 2057 480 2122; x_wconf 81' lang='lat' dir='ltr'><strong>praeditus</strong></span> <span class='ocrx_word' id='word_1_195' title='bbox 518 2058 612 2117; x_wconf 75' lang='lat' dir='ltr'><strong>sit,</strong></span> <span class='ocrx_word' id='word_1_196' title='bbox 650 2058 695 2106; x_wconf 88' lang='lat' dir='ltr'><strong>is</strong></span> <span class='ocrx_word' id='word_1_197' title='bbox 734 2056 859 2106; x_wconf 79' lang='lat' dir='ltr'><strong>felix</strong></span> <span class='ocrx_word' id='word_1_198' title='bbox 895 2062 951 2107; x_wconf 86' lang='lat' dir='ltr'><strong>et</strong></span> <span class='ocrx_word' id='word_1_199' title='bbox 987 2058 1164 2107; x_wconf 83' lang='lat' dir='ltr'><strong>beatus</strong></span> <span class='ocrx_word' id='word_1_200' title='bbox 1210 2074 1327 2108; x_wconf 88' lang='lat' dir='ltr'><strong>esse</strong></span> <span class='ocrx_word' id='word_1_201' title='bbox 1361 2058 1603 2111; x_wconf 79' lang='lat' dir='ltr'><strong>videatur.</strong></span> <span class='ocrx_word' id='word_1_202' title='bbox 1679 2062 1818 2116; x_wconf 88' lang='lat' dir='ltr'><strong>Con-</strong></span> 
     </span>
     <span class='ocr_line' id='line_1_28' title="bbox 123 2129 1818 2200; baseline 0.004 -21"><span class='ocrx_word' id='word_1_203' title='bbox 123 2129 291 2180; x_wconf 78' lang='lat' dir='ltr'><strong>sidera</strong></span> <span class='ocrx_word' id='word_1_204' title='bbox 327 2130 480 2193; x_wconf 86' lang='lat' dir='ltr'><strong>igitur</strong></span> <span class='ocrx_word' id='word_1_205' title='bbox 524 2129 621 2177; x_wconf 90' lang='lat' dir='ltr'><strong>iam</strong></span> <span class='ocrx_word' id='word_1_206' title='bbox 670 2129 862 2189; x_wconf 87' lang='lat' dir='ltr'><strong>denuo,</strong></span> <span class='ocrx_word' id='word_1_207' title='bbox 914 2145 1031 2179; x_wconf 91' lang='lat' dir='ltr'><strong>num</strong></span> <span class='ocrx_word' id='word_1_208' title='bbox 1066 2129 1154 2178; x_wconf 86' lang='lat' dir='ltr'><strong>illa</strong></span> <span class='ocrx_word' id='word_1_209' title='bbox 1188 2130 1541 2183; x_wconf 84' lang='lat' dir='ltr'><strong>incantationis</strong></span> <span class='ocrx_word' id='word_1_210' title='bbox 1578 2132 1818 2200; x_wconf 86' lang='lat' dir='ltr'><strong>formula,</strong></span> 
     </span>
     <span class='ocr_line' id='line_1_29' title="bbox 121 2200 1824 2272; baseline 0.004 -20"><span class='ocrx_word' id='word_1_211' title='bbox 121 2200 187 2252; x_wconf 88' lang='lat' dir='ltr'><strong>de</strong></span> <span class='ocrx_word' id='word_1_212' title='bbox 223 2216 318 2265; x_wconf 87' lang='lat' dir='ltr'><strong>qua</strong></span> <span class='ocrx_word' id='word_1_213' title='bbox 356 2201 499 2250; x_wconf 89' lang='lat' dir='ltr'><strong>initio</strong></span> <span class='ocrx_word' id='word_1_214' title='bbox 537 2201 785 2249; x_wconf 78' lang='lat' dir='ltr'><strong>sermonis</strong></span> <span class='ocrx_word' id='word_1_215' title='bbox 823 2201 1078 2261; x_wconf 88' lang='lat' dir='ltr'><strong>dicebam,</strong></span> <span class='ocrx_word' id='word_1_216' title='bbox 1127 2202 1222 2251; x_wconf 85' lang='lat' dir='ltr'><strong>tibi</strong></span> <span class='ocrx_word' id='word_1_217' title='bbox 1257 2218 1382 2267; x_wconf 89' lang='lat' dir='ltr'><strong>opus</strong></span> <span class='ocrx_word' id='word_1_218' title='bbox 1421 2204 1503 2254; x_wconf 88' lang='lat' dir='ltr'><strong>sit.</strong></span> <span class='ocrx_word' id='word_1_219' title='bbox 1575 2205 1658 2256; x_wconf 83' lang='lat' dir='ltr'><strong>Ad</strong></span> <span class='ocrx_word' id='word_1_220' title='bbox 1693 2222 1824 2272; x_wconf 86' lang='lat' dir='ltr'><strong>quae</strong></span> 
     </span>
     <span class='ocr_line' id='line_1_30' title="bbox 121 2269 1822 2349; baseline 0.005 -26"><span class='ocrx_word' id='word_1_221' title='bbox 121 2272 448 2323; x_wconf 79' lang='lat' dir='ltr'><strong>adolescens:</strong></span> <span class='ocrx_word' id='word_1_222' title='bbox 497 2271 568 2321; x_wconf 87' lang='lat' dir='ltr'><strong>At</strong></span> <span class='ocrx_word' id='word_1_223' title='bbox 599 2271 851 2336; x_wconf 89' lang='lat' dir='ltr'><strong>quomodo</strong></span> <span class='ocrx_word' id='word_1_224' title='bbox 891 2288 987 2338; x_wconf 86' lang='lat' dir='ltr'><strong>ego</strong></span> <span class='ocrx_word' id='word_1_225' title='bbox 1023 2273 1204 2335; x_wconf 86' lang='lat' dir='ltr'><strong>sciam,</strong></span> <span class='ocrx_word' id='word_1_226' title='bbox 1240 2280 1406 2324; x_wconf 90' lang='lat' dir='ltr'><strong>utrum</strong></span> <span class='ocrx_word' id='word_1_227' title='bbox 1445 2269 1688 2349; x_wconf 79' lang='grc' dir='ltr'><em>σώφρων</em></span> <span class='ocrx_word' id='word_1_228' title='bbox 1726 2281 1822 2334; x_wconf 84' lang='lat' dir='ltr'><strong>sim</strong></span> 
     </span>
     <span class='ocr_line' id='line_1_31' title="bbox 122 2339 1824 2415; baseline 0.004 -19"><span class='ocrx_word' id='word_1_229' title='bbox 122 2361 310 2404; x_wconf 85' lang='lat' dir='ltr'><strong>necne,</strong></span> <span class='ocrx_word' id='word_1_230' title='bbox 360 2359 510 2409; x_wconf 87' lang='lat' dir='ltr'><strong>quum</strong></span> <span class='ocrx_word' id='word_1_231' title='bbox 559 2359 623 2394; x_wconf 89' lang='lat' dir='ltr'><strong>ne</strong></span> <span class='ocrx_word' id='word_1_232' title='bbox 658 2360 747 2393; x_wconf 83' lang='lat' dir='ltr'><strong>vos</strong></span> <span class='ocrx_word' id='word_1_233' title='bbox 785 2343 986 2408; x_wconf 87' lang='lat' dir='ltr'><strong>quidem</strong></span> <span class='ocrx_word' id='word_1_234' title='bbox 1026 2339 1399 2415; x_wconf 76' lang='grc' dir='ltr'><em>σωφροσύνης</em></span> <span class='ocrx_word' id='word_1_235' title='bbox 1437 2348 1536 2397; x_wconf 83' lang='lat' dir='ltr'><strong>vim</strong></span> <span class='ocrx_word' id='word_1_236' title='bbox 1575 2353 1630 2399; x_wconf 85' lang='lat' dir='ltr'><strong>et</strong></span> <span class='ocrx_word' id='word_1_237' title='bbox 1664 2353 1824 2403; x_wconf 85' lang='lat' dir='ltr'><strong>ratio-</strong></span> 
     </span>
     <span class='ocr_line' id='line_1_32' title="bbox 121 2416 1825 2486; baseline 0.005 -19"><span class='ocrx_word' id='word_1_238' title='bbox 121 2433 237 2467; x_wconf 89' lang='lat' dir='ltr'><strong>nem</strong></span> <span class='ocrx_word' id='word_1_239' title='bbox 284 2418 551 2480; x_wconf 79' lang='lat' dir='ltr'><strong>exquirere</strong></span> <span class='ocrx_word' id='word_1_240' title='bbox 597 2416 906 2481; x_wconf 65' lang='lat' dir='ltr'><strong>potueritis?</strong></span> <span class='ocrx_word' id='word_1_241' title='bbox 990 2416 1283 2481; x_wconf 71' lang='lat' dir='ltr'><strong>Quanquam</strong></span> <span class='ocrx_word' id='word_1_242' title='bbox 1330 2433 1427 2484; x_wconf 88' lang='lat' dir='ltr'><strong>ego</strong></span> <span class='ocrx_word' id='word_1_243' title='bbox 1472 2420 1674 2486; x_wconf 86' lang='lat' dir='ltr'><strong>quidem</strong></span> <span class='ocrx_word' id='word_1_244' title='bbox 1722 2424 1825 2476; x_wconf 84' lang='lat' dir='ltr'><strong>ista</strong></span> 
     </span>
     <span class='ocr_line' id='line_1_33' title="bbox 120 2487 1824 2562; baseline 0.005 -23"><span class='ocrx_word' id='word_1_245' title='bbox 120 2489 459 2539; x_wconf 80' lang='lat' dir='ltr'><strong>incantatione</strong></span> <span class='ocrx_word' id='word_1_246' title='bbox 506 2487 630 2537; x_wconf 89' lang='lat' dir='ltr'><strong>mihi</strong></span> <span class='ocrx_word' id='word_1_247' title='bbox 691 2487 836 2537; x_wconf 79' lang='lat' dir='ltr'><strong>valde</strong></span> <span class='ocrx_word' id='word_1_248' title='bbox 900 2503 1026 2553; x_wconf 90' lang='lat' dir='ltr'><strong>opus</strong></span> <span class='ocrx_word' id='word_1_249' title='bbox 1079 2504 1196 2539; x_wconf 83' lang='lat' dir='ltr'><strong>esse</strong></span> <span class='ocrx_word' id='word_1_250' title='bbox 1244 2488 1508 2554; x_wconf 69' lang='lat' dir='ltr'><strong>existimo,</strong></span> <span class='ocrx_word' id='word_1_251' title='bbox 1566 2491 1824 2562; x_wconf 80' lang='lat' dir='ltr'><strong>facileque</strong></span> 
     </span>
     <span class='ocr_line' id='line_1_34' title="bbox 118 2559 1821 2627; baseline 0.006 -16"><span class='ocrx_word' id='word_1_252' title='bbox 118 2562 311 2627; x_wconf 82' lang='lat' dir='ltr'><strong>patiar,</strong></span> <span class='ocrx_word' id='word_1_253' title='bbox 365 2565 423 2610; x_wconf 91' lang='lat' dir='ltr'><strong>ut</strong></span> <span class='ocrx_word' id='word_1_254' title='bbox 457 2576 486 2609; x_wconf 91' lang='lat' dir='ltr'><strong>a</strong></span> <span class='ocrx_word' id='word_1_255' title='bbox 522 2566 576 2609; x_wconf 89' lang='lat' dir='ltr'><strong>te</strong></span> <span class='ocrx_word' id='word_1_256' title='bbox 611 2560 842 2611; x_wconf 79' lang='lat' dir='ltr'><strong>incantet</strong></span> <span class='ocrx_word' id='word_1_257' title='bbox 878 2559 1136 2624; x_wconf 88' lang='lat' dir='ltr'><strong>quotidie,</strong></span> <span class='ocrx_word' id='word_1_258' title='bbox 1182 2559 1300 2612; x_wconf 87' lang='lat' dir='ltr'><strong>dum</strong></span> <span class='ocrx_word' id='word_1_259' title='bbox 1335 2566 1392 2612; x_wconf 90' lang='lat' dir='ltr'><strong>tu</strong></span> <span class='ocrx_word' id='word_1_260' title='bbox 1429 2563 1554 2614; x_wconf 80' lang='lat' dir='ltr'><strong>satis</strong></span> <span class='ocrx_word' id='word_1_261' title='bbox 1591 2581 1710 2618; x_wconf 82' lang='lat' dir='ltr'><strong>esse</strong></span> <span class='ocrx_word' id='word_1_262' title='bbox 1743 2570 1821 2620; x_wconf 85' lang='lat' dir='ltr'><strong>iu-</strong></span> 
     </span>
     <span class='ocr_line' id='line_1_35' title="bbox 119 2630 1822 2703; baseline 0.005 -21"><span class='ocrx_word' id='word_1_263' title='bbox 119 2632 378 2683; x_wconf 71' lang='lat' dir='ltr'><strong>dicaverIS.</strong></span> <span class='ocrx_word' id='word_1_264' title='bbox 460 2630 561 2681; x_wconf 86' lang='lat' dir='ltr'><strong>Hic</strong></span> <span class='ocrx_word' id='word_1_265' title='bbox 610 2647 731 2682; x_wconf 76' lang='lat' dir='ltr'><strong>vero</strong></span> <span class='ocrx_word' id='word_1_266' title='bbox 770 2631 986 2681; x_wconf 82' lang='lat' dir='ltr'><strong>Critias:</strong></span> <span class='ocrx_word' id='word_1_267' title='bbox 1038 2631 1154 2683; x_wconf 89' lang='lat' dir='ltr'><strong>Hoc</strong></span> <span class='ocrx_word' id='word_1_268' title='bbox 1205 2637 1263 2683; x_wconf 88' lang='lat' dir='ltr'><strong>tu</strong></span> <span class='ocrx_word' id='word_1_269' title='bbox 1307 2634 1351 2684; x_wconf 83' lang='lat' dir='ltr'><strong>si</strong></span> <span class='ocrx_word' id='word_1_270' title='bbox 1394 2634 1468 2686; x_wconf 87' lang='lat' dir='ltr'><strong>ita</strong></span> <span class='ocrx_word' id='word_1_271' title='bbox 1516 2634 1738 2703; x_wconf 81' lang='lat' dir='ltr'><strong>feceris,</strong></span> <span class='ocrx_word' id='word_1_272' title='bbox 1787 2656 1822 2691; x_wconf 90' lang='grc' dir='ltr'><strong>ο</strong></span> 
     </span>
     <span class='ocr_line' id='line_1_36' title="bbox 121 2703 1823 2772; baseline 0.005 -17"><span class='ocrx_word' id='word_1_273' title='bbox 121 2704 422 2764; x_wconf 87' lang='lat' dir='ltr'><strong>Charmide,</strong></span> <span class='ocrx_word' id='word_1_274' title='bbox 491 2719 673 2770; x_wconf 88' lang='lat' dir='ltr'><strong>magno</strong></span> <span class='ocrx_word' id='word_1_275' title='bbox 731 2703 782 2753; x_wconf 90' lang='lat' dir='ltr'><strong>id</strong></span> <span class='ocrx_word' id='word_1_276' title='bbox 831 2704 956 2753; x_wconf 89' lang='lat' dir='ltr'><strong>mihi</strong></span> <span class='ocrx_word' id='word_1_277' title='bbox 1002 2705 1102 2754; x_wconf 89' lang='lat' dir='ltr'><strong>erit</strong></span> <span class='ocrx_word' id='word_1_278' title='bbox 1151 2712 1449 2772; x_wconf 85' lang='lat' dir='ltr'><strong>argumento</strong></span> <span class='ocrx_word' id='word_1_279' title='bbox 1496 2711 1551 2757; x_wconf 88' lang='lat' dir='ltr'><strong>te</strong></span> <span class='ocrx_word' id='word_1_280' title='bbox 1595 2726 1656 2760; x_wconf 86' lang='lat' dir='ltr'><strong>re</strong></span> <span class='ocrx_word' id='word_1_281' title='bbox 1701 2728 1823 2764; x_wconf 80' lang='lat' dir='ltr'><strong>vera</strong></span> 
     </span>
     <span class='ocr_line' id='line_1_37' title="bbox 118 2775 1822 2842; baseline 0.005 -15"><span class='ocrx_word' id='word_1_282' title='bbox 118 2782 490 2842; x_wconf 87' lang='lat' dir='ltr'><strong>temperantem</strong></span> <span class='ocrx_word' id='word_1_283' title='bbox 537 2791 670 2825; x_wconf 77' lang='lat' dir='ltr'><strong>esse.</strong></span> <span class='ocrx_word' id='word_1_284' title='bbox 744 2775 838 2826; x_wconf 93' lang='lat' dir='ltr'><strong>Cui</strong></span> <span class='ocrx_word' id='word_1_285' title='bbox 874 2775 991 2825; x_wconf 82' lang='lat' dir='ltr'><strong>ine:</strong></span> <span class='ocrx_word' id='word_1_286' title='bbox 1039 2775 1242 2827; x_wconf 82' lang='lat' dir='ltr'><strong>Faciam</strong></span> <span class='ocrx_word' id='word_1_287' title='bbox 1286 2794 1407 2829; x_wconf 79' lang='lat' dir='ltr'><strong>vero</strong></span> <span class='ocrx_word' id='word_1_288' title='bbox 1454 2779 1573 2831; x_wconf 89' lang='lat' dir='ltr'><strong>inde</strong></span> <span class='ocrx_word' id='word_1_289' title='bbox 1620 2783 1683 2833; x_wconf 90' lang='lat' dir='ltr'><strong>ab</strong></span> <span class='ocrx_word' id='word_1_290' title='bbox 1718 2783 1822 2835; x_wconf 85' lang='lat' dir='ltr'><strong>hoc</strong></span> 
     </span>
     <span class='ocr_line' id='line_1_38' title="bbox 118 2848 1822 2914; baseline 0.005 -16"><span class='ocrx_word' id='word_1_291' title='bbox 118 2848 233 2910; x_wconf 78' lang='lat' dir='ltr'><strong>die3</strong></span> <span class='ocrx_word' id='word_1_292' title='bbox 279 2863 546 2914; x_wconf 87' lang='lat' dir='ltr'><strong>perperam</strong></span> <span class='ocrx_word' id='word_1_293' title='bbox 584 2848 715 2896; x_wconf 88' lang='lat' dir='ltr'><strong>enim</strong></span> <span class='ocrx_word' id='word_1_294' title='bbox 755 2864 987 2913; x_wconf 83' lang='lat' dir='ltr'><strong>agerem,</strong></span> <span class='ocrx_word' id='word_1_295' title='bbox 1026 2848 1069 2897; x_wconf 80' lang='lat' dir='ltr'><strong>ai</strong></span> <span class='ocrx_word' id='word_1_296' title='bbox 1106 2849 1198 2898; x_wconf 88' lang='lat' dir='ltr'><strong>tibi</strong></span> <span class='ocrx_word' id='word_1_297' title='bbox 1237 2851 1395 2900; x_wconf 90' lang='lat' dir='ltr'><strong>tutori</strong></span> <span class='ocrx_word' id='word_1_298' title='bbox 1435 2867 1552 2902; x_wconf 88' lang='lat' dir='ltr'><strong>meo</strong></span> <span class='ocrx_word' id='word_1_299' title='bbox 1587 2869 1689 2906; x_wconf 89' lang='lat' dir='ltr'><strong>non</strong></span> <span class='ocrx_word' id='word_1_300' title='bbox 1727 2856 1822 2907; x_wconf 87' lang='lat' dir='ltr'><strong>ob-</strong></span> 
     </span>
     <span class='ocr_line' id='line_1_39' title="bbox 120 2918 1470 2993; baseline 0.001 -22"><span class='ocrx_word' id='word_1_301' title='bbox 120 2935 396 2986; x_wconf 71' lang='lat' dir='ltr'><strong>sequerer,</strong></span> <span class='ocrx_word' id='word_1_302' title='bbox 433 2934 529 2968; x_wconf 91' lang='lat' dir='ltr'><strong>nec</strong></span> <span class='ocrx_word' id='word_1_303' title='bbox 565 2919 776 2969; x_wconf 87' lang='lat' dir='ltr'><strong>consilio</strong></span> <span class='ocrx_word' id='word_1_304' title='bbox 811 2926 896 2968; x_wconf 91' lang='lat' dir='ltr'><strong>tuo</strong></span> <span class='ocrx_word' id='word_1_305' title='bbox 934 2920 1341 2985; x_wconf 88' lang='lat' dir='ltr'><strong>obtemperarem</strong></span> <span class='ocrx_word' id='word_1_306' title='bbox 1370 2918 1470 2993; x_wconf 82' lang='lat'><strong>**).</strong></span> 
     </span>
    </p>

    <p class='ocr_par' dir='ltr' id='par_1_6' title="bbox 61 2990 1824 3203">
     <span class='ocr_line' id='line_1_40' title="bbox 261 2990 1820 3062; baseline 0.005 -21"><span class='ocrx_word' id='word_1_307' title='bbox 261 2990 360 3042; x_wconf 81' lang='lat' dir='ltr'><strong>llic</strong></span> <span class='ocrx_word' id='word_1_308' title='bbox 398 2991 550 3056; x_wconf 79' lang='lat' dir='ltr'><strong>igitur</strong></span> <span class='ocrx_word' id='word_1_309' title='bbox 586 2997 668 3040; x_wconf 80' lang='lat' dir='ltr'><strong>est</strong></span> <span class='ocrx_word' id='word_1_310' title='bbox 708 2991 955 3041; x_wconf 83' lang='lat' dir='ltr'><strong>sermonis</strong></span> <span class='ocrx_word' id='word_1_311' title='bbox 992 2991 1107 3042; x_wconf 80' lang='lat' dir='ltr'><strong>finis</strong></span> <span class='ocrx_word' id='word_1_312' title='bbox 1147 2997 1201 3043; x_wconf 87' lang='lat' dir='ltr'><strong>et</strong></span> <span class='ocrx_word' id='word_1_313' title='bbox 1237 2995 1431 3058; x_wconf 84' lang='lat' dir='ltr'><strong>exitus,</strong></span> <span class='ocrx_word' id='word_1_314' title='bbox 1478 2996 1529 3048; x_wconf 91' lang='lat' dir='ltr'><strong>in</strong></span> <span class='ocrx_word' id='word_1_315' title='bbox 1576 3012 1676 3062; x_wconf 89' lang='lat' dir='ltr'><strong>quo</strong></span> <span class='ocrx_word' id='word_1_316' title='bbox 1713 3015 1820 3052; x_wconf 80' lang='lat' dir='ltr'><strong>ma-</strong></span> 
     </span>
     <span class='ocr_line' id='line_1_41' title="bbox 120 3061 1824 3128; baseline 0.005 -13"><span class='ocrx_word' id='word_1_317' title='bbox 120 3062 365 3115; x_wconf 76' lang='lat' dir='ltr'><strong>nifestum</strong></span> <span class='ocrx_word' id='word_1_318' title='bbox 416 3068 497 3111; x_wconf 75' lang='lat' dir='ltr'><strong>est</strong></span> <span class='ocrx_word' id='word_1_319' title='bbox 549 3061 821 3128; x_wconf 79' lang='lat' dir='ltr'><strong>significari</strong></span> <span class='ocrx_word' id='word_1_320' title='bbox 871 3078 1021 3112; x_wconf 91' lang='lat' dir='ltr'><strong>unum</strong></span> <span class='ocrx_word' id='word_1_321' title='bbox 1070 3063 1232 3114; x_wconf 87' lang='lat' dir='ltr'><strong>solum</strong></span> <span class='ocrx_word' id='word_1_322' title='bbox 1272 3065 1534 3118; x_wconf 85' lang='lat' dir='ltr'><strong>Socratem</strong></span> <span class='ocrx_word' id='word_1_323' title='bbox 1586 3075 1640 3120; x_wconf 86' lang='lat' dir='ltr'><strong>et</strong></span> <span class='ocrx_word' id='word_1_324' title='bbox 1685 3077 1824 3124; x_wconf 82' lang='lat' dir='ltr'><strong>tem-</strong></span> 
     </span>
     <span class='ocr_line' id='line_1_42' title="bbox 61 3135 1822 3203; baseline 0.005 -17"><span class='ocrx_word' id='word_1_325' title='bbox 61 3158 71 3166; x_wconf 91' lang='lat'>·</span> <span class='ocrx_word' id='word_1_326' title='bbox 122 3138 382 3203; x_wconf 81' lang='lat' dir='ltr'><strong>perantiae</strong></span> <span class='ocrx_word' id='word_1_327' title='bbox 417 3135 515 3185; x_wconf 73' lang='lat' dir='ltr'><strong>vim</strong></span> <span class='ocrx_word' id='word_1_328' title='bbox 548 3141 694 3186; x_wconf 88' lang='lat' dir='ltr'><strong>recte</strong></span> <span class='ocrx_word' id='word_1_329' title='bbox 728 3135 930 3185; x_wconf 82' lang='lat' dir='ltr'><strong>novisse</strong></span> <span class='ocrx_word' id='word_1_330' title='bbox 968 3140 1024 3186; x_wconf 85' lang='lat' dir='ltr'><strong>et</strong></span> <span class='ocrx_word' id='word_1_331' title='bbox 1059 3135 1110 3186; x_wconf 87' lang='lat' dir='ltr'><strong>id</strong></span> <span class='ocrx_word' id='word_1_332' title='bbox 1145 3151 1301 3203; x_wconf 72' lang='lat' dir='ltr'><strong>ponae</strong></span> <span class='ocrx_word' id='word_1_333' title='bbox 1337 3138 1570 3203; x_wconf 72' lang='lat' dir='ltr'><strong>efficere,</strong></span> <span class='ocrx_word' id='word_1_334' title='bbox 1606 3148 1664 3194; x_wconf 87' lang='lat' dir='ltr'><strong>ut</strong></span> <span class='ocrx_word' id='word_1_335' title='bbox 1697 3143 1822 3198; x_wconf 79' lang='lat' dir='ltr'><strong>ado-</strong></span> 
     </span>
    </p>
   </div>
   <div class='ocr_carea' id='block_1_6' title="bbox 123 3277 448 3288">
    <p class='ocr_par' dir='ltr' id='par_1_7' title="bbox 123 3277 448 3288">
     <span class='ocr_line' id='line_1_43' title="bbox 123 3277 448 3288; baseline 0 378"><span class='ocrx_word' id='word_1_336' title='bbox 123 3277 448 3288; x_wconf 95' lang='lat' dir='ltr'><strong> </strong></span> 
     </span>
    </p>
   </div>
   <div class='ocr_carea' id='block_1_7' title="bbox 67 3364 983 3488">
    <p class='ocr_par' dir='ltr' id='par_1_8' title="bbox 67 3364 983 3488">
     <span class='ocr_line' id='line_1_44' title="bbox 177 3364 719 3417; baseline 0.007 -15"><span class='ocrx_word' id='word_1_337' title='bbox 177 3364 227 3417; x_wconf 71' lang='grc'><strong>*)</strong></span> <span class='ocrx_word' id='word_1_338' title='bbox 285 3366 333 3406; x_wconf 91' lang='grc' dir='ltr'><strong>Ρ.</strong></span> <span class='ocrx_word' id='word_1_339' title='bbox 366 3366 461 3408; x_wconf 79' lang='grc'><strong>175,</strong></span> <span class='ocrx_word' id='word_1_340' title='bbox 496 3367 546 3406; x_wconf 79' lang='grc' dir='ltr'><strong>Α.</strong></span> <span class='ocrx_word' id='word_1_341' title='bbox 579 3384 637 3395; x_wconf 92' lang='grc'><strong>·-</strong></span> <span class='ocrx_word' id='word_1_342' title='bbox 668 3366 719 3406; x_wconf 83' lang='grc' dir='ltr'><strong>Ι).</strong></span> 
     </span>
     <span class='ocr_line' id='line_1_45' title="bbox 67 3435 983 3488; baseline 0.008 -16"><span class='ocrx_word' id='word_1_343' title='bbox 67 3455 74 3479; x_wconf 89' lang='lat'><strong>·.</strong></span> <span class='ocrx_word' id='word_1_344' title='bbox 152 3435 236 3488; x_wconf 58' lang='lat' dir='ltr'><strong>¹W)</strong></span> <span class='ocrx_word' id='word_1_345' title='bbox 295 3438 340 3477; x_wconf 87' lang='lat' dir='ltr'><strong>P.</strong></span> <span class='ocrx_word' id='word_1_346' title='bbox 375 3439 468 3476; x_wconf 71' lang='lat'><strong>175.</strong></span> <span class='ocrx_word' id='word_1_347' title='bbox 501 3437 554 3475; x_wconf 81' lang='grc' dir='ltr'><strong>Ι).</strong></span> <span class='ocrx_word' id='word_1_348' title='bbox 587 3448 724 3487; x_wconf 76' lang='lat' dir='ltr'><strong>unque</strong></span> <span class='ocrx_word' id='word_1_349' title='bbox 756 3437 807 3477; x_wconf 79' lang='lat' dir='ltr'><strong>ad</strong></span> <span class='ocrx_word' id='word_1_350' title='bbox 844 3438 983 3479; x_wconf 72' lang='lat' dir='ltr'><strong>tinen.</strong></span> 
     </span>
    </p>
   </div>
   <div class='ocr_carea' id='block_1_8' title="bbox 189 3521 1414 3576">
    <p class='ocr_par' dir='ltr' id='par_1_9' title="bbox 189 3521 1414 3576">
     <span class='ocr_line' id='line_1_46' title="bbox 189 3521 1414 3576; baseline 0 -14"><span class='ocrx_word' id='word_1_351' title='bbox 189 3521 299 3564; x_wconf 73' lang='lat' dir='ltr'><strong>Plat.</strong></span> <span class='ocrx_word' id='word_1_352' title='bbox 333 3526 442 3573; x_wconf 81' lang='lat' dir='ltr'><strong>opp.</strong></span> <span class='ocrx_word' id='word_1_353' title='bbox 479 3521 573 3562; x_wconf 77' lang='lat' dir='ltr'><strong>voi.</strong></span> <span class='ocrx_word' id='word_1_354' title='bbox 604 3523 653 3562; x_wconf 73' lang='lat' dir='ltr'><strong>V.</strong></span> <span class='ocrx_word' id='word_1_355' title='bbox 686 3523 733 3565; x_wconf 90' lang='lat' dir='ltr'><strong>P.</strong></span> <span class='ocrx_word' id='word_1_356' title='bbox 765 3524 803 3563; x_wconf 84' lang='grc' dir='ltr'><strong>Ι.</strong></span> <span class='ocrx_word' id='word_1_357' title='bbox 1376 3525 1414 3576; x_wconf 74' lang='lat'><strong>¹1</strong></span> 
     </span>
    </p>
   </div>
  </div>
 </body>
</html>
