2040 3666
232 214 270 264 4
871 210 1304 267 PLATONIS

233 356 472 405 virtutem
508 352 746 405 iudicavit
770 370 879 408 ,non
916 355 1203 423 perfectam
1241 371 1380 421 esse,
1422 353 1517 418 sed
1552 355 1726 422 potius
1759 355 1934 419 talem,
1969 392 1972 394 ψ

236 443 365 492 quae
410 428 697 476 honestatis
760 443 946 478 nomen
1007 431 1327 479 mentiretur.
1418 428 1466 478 A
1513 443 1614 497 qua
1661 428 1932 494 profectus

237 500 492 548 sententia
526 499 767 547 virtutem
799 499 870 548 ita
907 500 1109 549 demum'
1147 501 1339 550 absolvi
1376 504 1431 549 et
1466 501 1802 550 consummari
1828 505 1933 550 stan

236 571 369 631 tuit,
419 571 464 619 si
511 571 737 618 actiones
786 576 992 620 nostrae
1044 588 1158 620 cum
1208 577 1348 620 certa
1396 571 1558 621 officii
1602 572 1936 644 persuasione

239 642 536 690 coniunctae
588 645 785 700 esseut,
843 643 912 690 ita
973 647 1031 692 ut
1089 644 1223 692 inter
1271 647 1514 726 utrasque
1560 636 1936 706 pulcherrimus

239 718 516 762 concentus
563 701 1060 763 animadverteretur.
1132 714 1314 779 Neque
1364 715 1496 762 enim
1546 728 1636 763 cos
1685 715 1935 778 probavit,

241 786 329 851 qui
366 800 517 849 quum
552 783 852 849 sapientiam
889 788 1030 835 suam
1068 786 1596 844 mirificeiactarent,
1633 789 1803 834 tamen
1839 785 1936 833 ho-

239 861 411 906 nestas
468 857 694 905 actiones
753 856 814 904 ab
873 872 936 905 ea
976 857 1350 921 *seiungerenn
1411 872 1508 905 nec
1567 856 1685 905 illos
1739 857 1938 906 censuit

239 929 406 993 magni
443 926 807 988 aestimandos,
858 929 943 992 qui
991 929 1090 977 etsi
1123 928 1445 978 laudabiliter
1498 927 1549 977 in
1586 926 1782 992 agendo
1816 943 1935 976 ver-

242 1004 504 1059 sarentur,
542 1003 711 1065 tamen
750 1013 957 1048 coccam
995 999 1239 1065 quandam
1271 1005 1423 1064 atque
1458 1000 1778 1048 temerariam
1815 1014 1939 1048 con-

242 1070 561 1121 suetudinem
598 1070 769 1134 potius
819 1087 967 1136 quam
1021 1076 1213 1121 certam
1262 1075 1319 1121 et
1364 1075 1681 1121 cons-tantem
1727 1071 1940 1120 rationis

241 1142 412 1209 legem
450 1146 802 1206 sequerentur.

384 1212 531 1262 Haec
588 1210 962 1277 praemittenda
1023 1212 1350 1276 videbantur,
1418 1227 1518 1278 quo
1573 1214 1765 1263 rectius
1828 1213 1940 1262 eius

241 1285 360 1334 libri
396 1289 747 1350 argumentum
783 1285 1135 1348 perciperetur
1171 1289 1226 1334 et
1257 1285 1583 1348 iudicaretur,
1621 1286 1707 1350 qui
1739 1284 1941 1334 Lache-

244 1357 312 1406 tis
348 1356 551 1406 nomine
590 1356 865 1420 inscriptus
919 1359 1016 1404 est.
1088 1355 1237 1419 Quod
1286 1357 1418 1406 enim
1461 1357 1512 1415 in
1546 1357 1835 1405 universum
1869 1352 1941 1404 ‘de

246 1427 511 1478 Socratica
558 1443 755 1477 morum
804 1427 1035 1476 doctrina
1089 1429 1400 1490 monuimus,
1455 1426 1510 1476 id
1565 1427 1616 1476 in
1651 1427 1767 1477 ·hac
1810 1426 1942 1478 scri-

245 1502 423 1566 ptione
459 1499 523 1548 ad
557 1515 728 1553 unam!
750 1499 964 1548 maxime
1000 1498 1352 1550 fortitudinem
1394 1499 1827 1561 accommodatur,
1875 1497 1942 1547 de

246 1589 343 1637 qua
379 1586 660 1637 quanquam
696 1570 984 1635 disputatur
1017 1572 1117 1630 ita,
1163 1577 1223 1621 ut
1269 1573 1378 1621 eius
1414 1571 1489 1619 vis
1538 1574 1592 1619 et
1627 1575 1805 1620 natura
1841 1585 1943 1620 non

245 1643 564 1704 declaretur,
610 1647 782 1692 tamen
833 1642 952 1707 quid
1001 1643 1226 1707 scriptor
1274 1642 1681 1708 elegantissimus
1727 1642 1943 1691 efficere
1999 1703 2007 1711 ⁸

247 1721 301 1764 et
336 1717 557 1780 probare
588 1715 837 1775 voluerit,
885 1720 1119 1798 apertum
1169 1730 1286 1763 esse
1323 1715 1640 1762 arbitramur.
1713 1712 1944 1763 Docetur

244 1788 377 1836 enim
414 1787 466 1836 in
500 1786 600 1835 hoc
635 1801 873 1835 sermone
925 1786 990 1836 in
1033 1800 1150 1834 uno
1200 1785 1480 1835 Socrate
1521 1777 1775 1834 maxime
1813 1785 1945 1833 elu-

244 1861 422 1910 xisse
488 1857 845 1923 perfectae
923 1861 992 1906 et
1066 1857 1426 1907 absolutae
1501 1856 1943 1906 fortitudinis

247 1930 610 1995 exemplar,
661 1930 827 1978 utin
864 1943 987 1992 quo
1035 1944 1275 1978 summa
1321 1928 1541 1986 fuerit
1587 1927 1942 1977 consensio

247 2002 573 2052 factorum
627 2017 765 2049 cum
815 2000 1015 2048 animi
1059 2000 1495 2064 persuasione
1547 1998 1620 2047 de
1679 1999 1827 2049 boni
1876 2003 1944 2049 et

247 2073 513 2124 honesti
548 2071 972 2122 necessitate
1011 2071 1365 2121 coniuncta
1395 2067 1480 2137 *),
1527 2070 1721 2120 claris
1741 2071 1942 2120 simos

248 2150 456 2197 autem
504 2145 671 2194 belli
718 2144 918 2193 duces
972 2142 1046 2192 ad
1096 2142 1258 2192 hanc
1297 2147 1541 2192 tantam
1578 2141 1943 2191 fortitudi-

243 2219 352 2268 ‘nis
391 2217 867 2282 praestantiam
903 2214 1005 2264 vel
1051 2213 1197 2263 ideo
1231 2229 1352 2264 non
1389 2212 1746 2274 accedere,
1796 2208 1944 2278 qu'ia

248 2291 582 2339 actionem
631 2288 705 2336 ab
745 2286 976 2336 officii
1023 2285 1468 2350 persuasione
1506 2284 1844 2334 divellant
1881 2290 1944 2334 et

164 2392 170 2397 .
248 2359 731 2410 fortitudinem
788 2358 894 2406 vel
949 2356 1251 2406 audaciae
1306 2356 1766 2420 magnitudine
1829 2355 1942 2406 de-

245 2432 523 2493 finiant,
560 2430 663 2479 vel
701 2429 1010 2500 prudenti
1049 2428 1524 2478 commodorum
1563 2431 1674 2475 aut
1711 2429 1943 2476 incom-
2016 2453 2031 2474 .-

245 2504 576 2554 modorum
617 2487 1117 2551 deliberatione
1156 2499 1257 2548 vel
1307 2499 1539 2548 dextre
1593 2496 1944 2549 dimicandi

246 2593 270 2626 s
287 2592 316 2624 o
334 2576 428 2624 lle
442 2593 468 2624 r
480 2575 529 2624 t
513 2591 531 2623 1
544 2591 572 2622 a
632 2591 681 2623 m
696 2590 726 2621 e
740 2574 788 2622 ti
800 2590 828 2621 a
842 2590 873 2621 n
887 2578 954 2622 tu
967 2589 1006 2620 r.
1064 2572 1232 2638 Quae
1281 2572 1446 2619 omnia
1497 2571 1570 2619 ita
1614 2571 1944 2634 explicantur,

242 2653 301 2696 ut
338 2647 487 2697 simul
524 2646 589 2695 de
636 2645 806 2710 pretio
856 2650 910 2694 et
961 2616 1204 2707 dignitate
1244 2637 1348 2693 ὁπ)
1335 2642 1587 2709 ομειχίας
1633 2647 1752 2690 tunc
1791 2644 1942 2691 etiam

242 2719 570 2784 asophistis
614 2717 879 2766 factitatae
925 2716 1226 2779 disputetur
1311 2713 1748 2776 Quemadmodum
1787 2715 1944 2778 igitur

241 2790 433 2840 Plato·
418 2807 471 2839 ln
517 2790 628 2838 aliis
665 2789 810 2836 libris
845 2794 1005 2847 vates,
1041 2784 1356 2851 rhapsodos,
1391 2786 1527 2834 viros
1567 2785 1741 2833 civiles
1777 2786 1944 2850 arguit

241 2878 362 2912 vera
409 2877 587 2910 carere
639 2860 877 2920 scientia,
926 2867 1102 2921 neque·
1141 2873 1230 2917 ea,
1283 2873 1430 2921 quam
1478 2872 1603 2921 prae
1652 2871 1711 2904 se
1754 2855 1944 2918 ferant,
1980 2883 1990 2896 ·
2036 2885 2039 2898 ·

240 2935 428 2983 virtute
465 2944 582 2982 esse
617 2925 870 2996 insignes,
917 2932 988 2979 ita
1020 2930 1073 2979 in
1119 2927 1348 2977 Lachete
1383 2927 1596 2976 docetur
1633 2927 1785 2976 etiam
1832 2927 1943 2976 for-

212 3006 510 3055 titudinem
559 3003 870 3052 Socraticam
917 3002 1075 3050 maius
1126 2999 1364 3067 quiddam⁴
1407 3015 1542 3061 esse,
1600 3014 1748 3064 quam
1792 2999 1944 3066 vulgo

215 3077 474 3126 homines
512 3076 593 3124 vel
625 3075 870 3139 suspicari
907 3073 1117 3122 soleant.

385 3150 555 3212 Atque
603 3147 730 3195 haec
785 3146 831 3194 si
879 3149 1023 3205 recte
1070 3141 1424 3203 iudicavimuS,
1488 3140 1623 3190 hunc
1691 3140 1945 3205 dialogum

240 3220 354 3270 iure
389 3221 677 3285 meritoque
724 3216 788 3267 ad
823 3215 1087 3268 Platonem
1124 3218 1383 3265 auctorem
1421 3213 1614 3263 referri
1650 3227 1713 3262 eo
1750 3215 1944 3264 certius

297 3455 356 3513 ’')
416 3448 533 3499 conf.
562 3456 605 3500 X
627 3456 899 3514 enophon.
929 3458 1060 3500 Mem,
1087 3455 1174 3508 lv,
1204 3457 1245 3498 6.
1278 3453 1318 3503 ἕ.
1350 3443 1421 3494 16.
1456 3452 1526 3493 11.
