2106 3678
289 141 364 190 86
931 132 1355 189 PLATONIS

297 279 444 340 τινὲς
479 275 590 329 τῶν
624 277 723 343 τῆς
766 272 976 339 πόίεως
1010 272 1353 362 πραγμάτων
1396 276 1609 330 τοιαίδε
1644 278 2003 349 παρέπεσον·

300 343 412 401 ὑπὸ
459 349 677 402 πώλῶν
724 345 828 420 γὰρ
885 369 981 414 της
1039 343 1166 401 τότε
1219 349 1499 414 ποίιτείας
1559 348 1997 431 λοιδοροῑμένης

301 415 584 505 μεταβολη
633 424 710 490 yiy
710 441 900 484 νεται,
950 420 1042 472 καὶ
1057 439 1178 503 της
1209 420 1525 505 μεταβοέῆς
1562 425 1640 482 εἰς
1677 421 1771 471 καὶ
1806 415 1996 484 πεντή-

305 509 477 545 κοντα
512 512 657 554 τινες
691 487 887 577 ἄνδρες
922 483 1278 563 προῦστησαν
1314 488 1605 562 ἄρχοντες
1655 491 1846 543 ένδεκα
1895 491 1999 576 μὲν

305 565 365 615 ἐν
401 558 582 624 ἄστει,
621 565 754 616 δέκα
792 561 843 616 δ’
887 567 945 615 ὲν
981 563 1263 648 ῙΙειραιεῖ,
1301 565 1427 634 περί
1478 582 1535 615 τε
1573 556 1786 633 ἀγοραν
1822 557 2003 614 ἑκατει

305 654 406 712 ροι
433 631 647 687 ’τούτων
687 630 793 688 ὅσα
828 654 884 686 τε
927 638 983 685 ὲν
1020 643 1140 695 τοῖς
1174 628 1364 686 ἄστεσι
1398 634 1628 686 διοικεῖν
1664 635 1800 694 ἔδει,
1850 628 1999 706 τρια-

308 723 481 758 κοντα
531 707 590 758 δὲ
637 723 859 759 παντων
893 700 1156 773 ἄρχοντες
1192 707 1535 767 κατέστησαν
1573 699 1998 776 αὐτοκρατορες.

308 773 523 829 τούτων
571 773 640 842 δη
686 795 831 838 τινες
880 780 994 828 οὶκε
998 780 1077 827 ῖοί
1127 795 1184 828 τε
1223 770 1377 837 ὄντες
1415 774 1497 845 (ut
1535 778 1750 836 (hstias,
1801 782 1855 826 et
1890 778 2003 842 ipse

309 850 495 900 Charn
500 850 632 911 des,
680 851 777 914 qui.
809 854 951 899 teste
996 848 1439 919 Xenophonte
1475 848 1678 900 Hellen.
1716 847 1777 903 11
1814 848 1876 910 4,
1917 848 2003 910 19.

306 923 441 972 inter
490 923 666 971 decem
713 922 914 971 Piraeei
954 921 1225 970 archontes
1261 920 1361 969 suit
1399 925 1453 969 et
1490 920 1698 980 eodem
1745 935 1843 982 quo
1862 885 2004 984 ille,

308 997 546 1079 tempore
581 993 888 1043 interfectus
925 990 1053 1060 esu)
1093 1011 1186 1043 και
1220 986 1492 1075 γνώριιιοι
1525 987 1825 1073 ὲτώχανον
1862 992 2009 1059 ἐμοί,

307 1065 401 1119 καὶ
439 1059 506 1127 ὸη
544 1066 638 1115 καὶ
673 1059 1021 1147 παρεκαλουν
1055 1058 1232 1123 εὐθὺς
1275 1058 1347 1123 ὡς
1383 1063 1471 1114 ἐπὶ
1505 1079 1804 1133 πραγματα
1836 1080 1999 1146 προς-

304 1129 516 1198 ἠκοντεέ
563 1153 648 1203 με.
698 1136 822 1187 καὶ-
839 1131 962 1218 ἐγω
990 1127 1333 1200 θαυμαστὸν
1375 1111 1566 1186 οὐδὲν
1609 1134 1832 1185 ἔπαθον
1890 1126 2000 1184 ὑπο

305 1201 592 1270 νεότητος·
642 1202 848 1291 ῳηθην
898 1199 1002 1291 γὰρ
1052 1201 1257 1266 αὐτοὺς
1309 1204 1367 1256 ἔκ
1415 1222 1570 1266 τινος
1625 1201 1834 1256 ἀδίκου
1871 1199 2007 1272 βίου’

306 1278 396 1329 ὲπὶ
424 1277 644 1329 δίκαιον
665 1272 877 1360 τρόπον
895 1271 1136 1361 ἄγοντας
1156 1270 1460 1340 διοικήσειν
1492 1272 1560 1340 δη
1596 1270 1703 1338 τὴν
1733 1269 2000 1327 πόλιν-ο.

307 1348 402 1401 καὶ
438 1345 585 1419 ὁρῶν
622 1344 802 1413 δήπου
850 1367 983 1409 τους
1033 1342 1242 1417 ἄνδρας
1278 1350 1335 1399 ἐν
1373 1343 1540 1416 ὀλίγῳ
1574 1340 1758 1429 χρόνῳ
1792 1363 2004 1431 χρυσον

305 1411 707 1486 ἀποδείξαντας
754 1414 856 1485 τὴν
900 1419 1226 1507 ἔμπροσθεν
1273 1418 1555 1471 πολιτείαν
1611 1437 1680 1470 τα
1745 1437 1802 1470 τε
1864 1413 2004 1470 ἄλ2α

308 1493 401 1545 καὶ
456 1493 626 1573 φίλον
672 1487 850 1561 ἄνδρα
892 1491 1018 1560 ἐμοὶ
1057 1485 1445 1577 πρεσβύτερον
1489 1483 1773 1557 Σωκρατη
1809 1518 1879 1526 ——
1917 1487 2008 1541 ἐπί

257 1573 264 1587 “
304 1582 434 1615 τινα
479 1564 590 1615 τῶν
636 1564 879 1616 πολιτῶν
911 1559 1068 1647 μεθ’
1111 1564 1311 1645 ἑτέρων
1349 1560 1594 1630 ἔπεμπον
1632 1561 1720 1631 (ad
1754 1560 2006 1611 Leontem

307 1632 688 1704 Salaminium),
735 1635 836 1703 βία
884 1628 1091 1699 α’ξοντα
1138 1653 1211 1693 ως
1257 1610 1765 1714 ἀποθανουμενον,
1808 1635 1899 1684 ἱνα
1936 1627 2004 1696 δὴ

292 1706 528 1791 ’μετέχοι
575 1709 689 1758 τῶν
738 1723 1078 1786 πραγματων
1125 1702 1347 1766 αὐτοῖς,
1406 1702 1510 1756 είτε
1570 1699 1836 1771 βούίοιτο
1901 1701 2006 1755 εὶτε

303 1773 412 1862 μή,
450 1808 519 1816 -—-·
555 1797 593 1828 α
632 1775 700 1842 δὴ
737 1772 920 1829 πάντα
941 1776 1214 1860 καθορῶν
1242 1776 1335 1827 καὶ
1372 1773 1420 1827 εἴ
1454 1772 1565 1827 τιν’
1606 1774 1744 1827 ema
1771 1774 2006 1826 τοιαῦτα

307 1847 374 1901 οὐ
400 1843 657 1934 σμικρά,
711 1842 1038 1918 ἐδυςχέρανα
1085 1865 1145 1899 τε
1205 1847 1299 1898 καὶ
1357 1844 1598 1913 ἐμαυτὸν
1659 1843 2009 1914 ἐπαν7];αγον

304 1914 414 1972 απὸ
464 1938 574 1973 των
617 1915 743 1972 τότε
794 1920 990 1972 κακῶν.
1045 1936 1092 1970 κ.
1142 1937 1190 1970 τ.
1229 1918 1278 1969 λ
1351 1919 1491 1982 Quae
1529 1920 1613 1983 qui
1648 1924 1847 1968 attento
1885 1934 2004 1982 per-

301 1994 493 2058 legerit
539 1994 735 2055 animo,
788 1992 944 2042 facile
989 1992 1043 2040 in
1098 2005 1208 2039 eam
1258 1991 1600 2055 suspicionem
1639 1991 1899 2051 deveniet
1946 1994 2005 2038 ut

302 2065 437 2132 hunc
474 2065 658 2114 librum
695 2081 809 2114 cum
848 2063 1491 2113 Schleiermachero
1531 2067 1719 2111 statuat
1765 2027 1902 2110 haud
1933 2061 2005 2110 ita

304 2136 503 2203 pridem
553 2141 670 2186 an'te
719 2137 1152 2202 trigintavirorum
1203 2133 1596 2183 dominationem
1654 2134 1819 2182 literis
1880 2148 2002 2181 con-

305 2210 555 2273 signatum
604 2216 752 2269 esse,
800 2223 900 2274 quo
950 2212 1185 2271 tempore
1222 2205 1558 2270 philosophus
1593 2221 1622 2253 e
1661 2205 2001 2254 Clintonis

303 2280 584 2330 rationibus
637 2295 752 2345 pag.
804 2281 892 2332 66.
941 2284 996 2328 et
1041 2293 1124 2343 go,
1178 2277 1258 2325 ed.
1308 2276 1508 2342 Kr'uger
1557 2277 1763 2325 circiter
1823 2289 2005 2324 annum

304 2352 489 2400 aetatis
526 2352 821 2415 vigesimum
862 2355 1092 2416 quartum
1128 2348 1210 2397 vel
1247 2349 1474 2413 quintum
1511 2349 1723 2413 agebat,
1771 2347 1868 2395 iam
1906 2363 2003 2412 per

305 2423 687 2489 quadriennium
741 2423 857 2472 fere
901 2421 1127 2471 Socratis
1165 2420 1464 2484 discipulus.
1554 2420 1831 2484 Quominus
1870 2419 2005 2468 enim

300 2500 483 2560 postea
532 2496 782 2559 temporis
837 2510 951 2543 eum
1001 2493 1248 2558 scriptum
1296 2497 1561 2556 putemus,
1611 2491 1739 2540 illud
1790 2491 2004 2540 maxime

300 2566 547 2630 impedit,
587 2566 723 2630 quod
762 2565 989 2616 Socratis
1033 2580 1147 2613 cum
1188 2563 1346 2612 Critia
1383 2563 1698 2612 familiaritas
1727 2563 2003 2628 praecipua

282 2647 455 2686 ‘causa
500 2638 724 2693 exstitit,
776 2654 868 2686 cur
911 2638 988 2685 vir
1050 2635 1494 2684 innocentissimus
1553 2634 2000 2683 condemnaretur:

304 2710 446 2757 cuius
494 2710 573 2758 rei
625 2709 814 2758 clarum
869 2709 1115 2758 habemus
1151 2707 1499 2755 testimonium
1548 2706 1862 2756 Aeschin.
1894 2704 2004 2758 adv.

304 2779 562 2831 Timarch.
612 2795 663 2844 p.
715 2782 837 2831 169.
889 2779 971 2832 ed.
1018 2778 1195 2827 Reisk.
1278 2778 1449 2843 Atque
1510 2777 1639 2826 hanc
1700 2777 2004 2827 sententiam

301 2853 417 2917 ipso
468 2852 717 2902 sermonis
768 2855 1067 2917 argumento
1117 2850 1326 2914 egregie
1364 2849 1649 2898 confirmari
1685 2850 2002 2908 arbitramur,

304 2923 439 2988 quod
505 2929 673 2971 totum
732 2923 795 2971 ad
846 2923 1071 2972 Socratis
1122 2921 1400 2969 doctrinam
1455 2922 1846 2985 attemperatum
1905 2923 2001 2968 est.

304 2996 417 3057 Quo
439 3052 441 3057 Ι
467 2995 583 3058 ipso
631 2994 826 3045 Astii
873 2993 1244 3061 argumentatio
1293 3007 1507 3059 prorsus
1566 2992 1889 3059 redarguitur
1948 2994 2005 3040 et

303 3067 634 3118 convincitur.

260 3222 261 3225 ,
449 3159 816 3229 Progredimur
862 3163 924 3213 ad
960 3164 1171 3215 tertium
1210 3163 1471 3229 quiddam,
1523 3163 1656 3229 quod
1703 3164 1812 3212 viro
1851 3161 2004 3210 docto

300 3237 353 3285 in
399 3235 501 3284 hoc
546 3237 794 3286 sermonis
847 3237 1054 3286 exordio
1089 3237 1422 3286 vehementer
1470 3236 1745 3301 displicuit.
1819 3233 2002 3284 Socrass

308 3313 420 3355 tem
461 3309 593 3357 enim
631 3312 812 3357 censet
850 3309 902 3356 in
930 3323 994 3356 eo
1029 3308 1312 3368 introduci,
1349 3323 1448 3356 non
1482 3306 1873 3372 philosophum,
1911 3303 2003 3353 sed

309 3378 572 3444 vulgarem
611 3384 665 3429 et
704 3379 1025 3430 libidinosum
1063 3375 1359 3442 amatorem,
1397 3380 1482 3444 qui
1502 3395 1560 3429 se
1595 3379 1818 3429 fateatur
1836 3377 2002 3427 Char-
