2066 3666
220 208 329 262 isa
655 285 657 287 Ι
856 205 1267 262 PLA'roms

219 348 346 400 illud
381 364 411 397 a
438 345 665 399 Platonis
701 353 813 400 arte
846 350 1123 412 abhorret,'
1144 349 1281 417 quod
1314 348 1444 400 haec
1481 364 1647 399 omnia
1682 365 1914 416 magnam

221 425 365 470 certe
399 425 597 484 partem
632 423 791 487 magis
827 422 1172 487 significantur
1207 438 1356 490 quam
1402 421 1620 471 dilucide
1658 423 1910 486 explican-

219 497 320 541 tur.
393 493 668 554 Quominus
708 495 839 547 enim
874 495 1080 543 uberius
1113 495 1515 555 illustrarentur,
1561 509 1783 542 summus
1819 495 1911 543 ille

223 569 280 612 et
323 568 581 612 extremus
631 564 746 613 finis
793 565 1079 628 prohibuit,
1136 581 1285 630 quem
1342 570 1491 614 antea
1537 564 1748 614 diximus
1791 564 1911 616 libri

218 638 479 684 auctorem
513 635 563 685 in
599 635 694 683 hac
730 637 1004 700 scriptione
1040 642 1269 698 secutum
1311 652 1444 686 esse.
1515 635 1722 684 Habent
1751 637 1910 700 igitur

217 705 347 756 haec
384 707 548 756 omnia
588 707 874 756 certissima
910 709 1031 756 artis
1069 712 1125 757 et
1159 708 1348 772 ingenii
1381 707 1628 756 Platonici
1665 708 1805 771 signa
1834 705 1909 774 *),

217 776 402 839 unde„
428 778 524 826 nisi
570 777 699 826 aliae
743 794 829 827 res
877 779 930 827 id
977 779 1307 844 prohibeant,
1371 794 1568 828 summo
1633 779 1746 827 iure
1791 779 1910 829 libri

215 848 372 899 fidem
408 844 862 914 auctoritatemque
912 850 1195 899 defendere
1238 851 1405 899 liceat.
1477 849 1587 899 Nec
1633 865 1754 898 vero
1799 851 1909 914 ipsa

118 975 130 982 x
212 918 332 972 libri
374 921 586 969 materia
622 921 888 986 quidquam
925 924 1186 972 continere
1219 922 1449 983 videtur,
1498 920 1632 986 quod
1668 937 1697 970 a
1732 920 1912 970 Plato-

210 992 292 1043 nis
329 996 501 1040 mente
537 995 592 1040 et
623 994 874 1042 sententia
907 993 1196 1047 abhorreat.
1267 993 1395 1043 Nam
1433 993 1671 1059 primaria
1706 992 1910 1056 quidem

209 1062 504 1127 scriptionis
550 1077 696 1126 pars,
753 1079 883 1129 quae
938 1066 991 1115 in
1038 1065 1253 1115 Socrate
1298 1064 1620 1114 defendendo
1667 1065 1909 1127 cernitur,

210 1148 466 1198 generoso
506 1132 740 1198 discipuli
787 1137 952 1186 animo
997 1152 1310 1200 nequaquam
1344 1137 1550 1201 indigna
1599 1140 1697 1184 est.
1773 1135 1909 1186 Con-

208 1209 314 1254 stat
359 1205 492 1254 enim
537 1206 938 1259 certissimorum
987 1209 1195 1257 testium
1241 1209 1571 1269 auctoritate,
1614 1206 1909 1272 Xenoph.

208 1274 370 1330 Mem.
405 1275 457 1338 Ι,
494 1275 547 1338 2,
587 1276 671 1329 12.
709 1283 765 1328 et
800 1279 924 1328 Aes
943 1279 1108 1329 chin.
1147 1279 1256 1328 adv,
1294 1279 1550 1331 Timarch.
1589 1294 1637 1342 p.
1665 1278 1783 1325 163).
1823 1278 1905 1329 ed.

208 1345 418 1409 Reiskq
465 1347 604 1396 inter
648 1349 857 1399 crimina
903 1350 1259 1403 inSocratem
1297 1353 1527 1399 coniecta
1573 1365 1671 1399 non
1708 1349 1908 1399 levissi-

209 1434 347 1469 mum
383 1418 548 1471 fuisse
583 1418 735 1482 illud,
784 1422 884 1487 quo
921 1420 1131 1473 critiam
1178 1428 1233 1473 et
1268 1421 1581 1472 Alcibiadem
1617 1423 1909 1486 corrupisse

206 1489 494 1544 ferebatur.
577 1492 709 1555 Quid
750 1493 942 1559 igitur‘!
1003 1495 1357 1561 putabimusne
1400 1493 1626 1542 Platonis
1689 1494 1909 1545 animum

208 1561 480 1623 dedecere,
517 1563 654 1631 quod
689 1565 836 1640 istam
874 1565 1274 1615 adversariorum
1309 1566 1710 1616 criminationem
1746 1564 1909 1614 refel-

205 1632 317 1688 lere
354 1634 607 1684 studuerit
640 1641 794 1700 atque
827 1636 1086 1689 luculento
1123 1638 1289 1702 aliquo
1326 1637 1555 1701 exemplo
1578 1635 1906 1699 patefecerit,

207 1721 306 1770 qua
341 1707 540 1755 ratione
575 1705 818 1756 Socrates
855 1709 1169 1762 Alcibiadem
1203 1705 1528 1758 tractavisset
1575 1713 1629 1756 et
1677 1707 1739 1756 ad
1775 1708 1908 1757 recti

204 1776 513 1842 honestique
550 1774 770 1828 studium
791 1780 1141 1830 incitavisset‘!
1212 1781 1291 1839 An
1327 1780 1453 1828 illud
1489 1794 1602 1828 cum
1640 1779 1750 1828 eius
1790 1795 1909 1830 sen-

147 1853 150 1858 '
205 1850 369 1898 tentia
412 1844 637 1916 pugnare
682 1851 1028 1912 censebimus,
1078 1851 1214 1918 quod
1257 1853 1398 1915 ipsos
1434 1850 1776 1902 Athenienses
1825 1867 1908 1900 ar-

204 1921 318 1985 guit
364 1921 475 1971 vani
511 1920 714 1986 quidem
748 1938 807 1971 ac
844 1924 1078 1987 superbi,
1119 1923 1212 1974 sed
1249 1924 1479 1974 omnibus
1515 1927 1724 1974 naturae
1761 1922 1907 1972 bonis

204 1991 447 2041 cumulati
469 1991 807 2043 adolescentis
827 1995 1082 2060 ingenium
1110 2000 1164 2044 et
1187 2010 1358 2044 mores
1383 1995 1688 2060 corrupisse,
1720 1995 1908 2059 quippe

205 2063 293 2128 qui
330 2078 425 2113 nec
462 2064 584 2113 iusti
622 2069 677 2113 et
727 2066 901 2115 iniusti
937 2067 988 2116 in
1023 2066 1410 2115 administranda
1444 2065 1706 2130 republica
1748 2067 1915 2131 ratioff

205 2148 324 2185 nem
362 2135 623 2197 duxerint,
660 2151 755 2185 nec
790 2138 1064 2195 utilitatem
1100 2137 1162 2187 ab
1204 2138 1476 2187 honestate
1514 2138 1784 2200 seiungere
1821 2151 1907 2186 so-

214 2203 371 2268 leant,
407 2223 504 2256 nec
539 2207 738 2259 civilem
771 2209 1088 2278 prudentiam
1123 2210 1380 2259 tenuerint
1413 2213 1559 2258 recte
1593 2207 1795 2271 quidem
1830 2209 1910 2258 in·

213 2276 486 2328 formatam
540 2279 716 2330 illam‘}
804 2280 1050 2331 Nimirum
1107 2281 1235 2331 haec
1286 2281 1451 2330 omnia
1507 2295 1621 2330 cum
1678 2277 1907 2330 Platonis

214 2348 440 2400 decretis
488 2351 540 2401 in
586 2351 698 2401 aliis
745 2353 1088 2414 sermonibuS,
1144 2353 1458 2417 maximeque
1508 2352 1560 2402 in
1605 2350 1796 2416 Gorgia
1851 2355 1906 2403 et

213 2417 498 2484 Republica
549 2425 790 2487 expositis
841 2423 968 2473 adeo
1005 2426 1330 2484 conveniunt,
1377 2420 1436 2473 ut
1469 2424 1628 2472 veluti
1664 2437 1757 2486 pro
1791 2423 1904 2488 qui-

213 2490 425 2542 busdam
454 2494 609 2548 initiis
646 2509 823 2547 eorum
858 2501 1011 2560 atque
1046 2495 1345 2544 rudimentis
1380 2494 1609 2547 habenda
1626 2493 1904 2550 videantur.

212 2562 464 2626 Quocirca
522 2566 573 2614 in
628 2568 802 2630 priore
851 2567 1052 2632 quidem
1109 2567 1227 2618 libri
1270 2571 1417 2636 parte
1457 2567 1585 2616 nihil
1625 2566 1903 2631 reperitur,

212 2634 349 2697 quod
387 2640 632 2701 tanquam'
655 2639 818 2691 minus
854 2639 1168 2689 Platonicum
1209 2644 1392 2687 notare
1433 2644 1487 2687 et
1522 2637 1903 2702 reprehendere

209 2704 381 2762 liceat.
453 2708 596 2764 Idem
638 2724 759 2762 vero
810 2713 962 2764 etiam
1011 2703 1076 2762 de
1111 2711 1401 2782 posteriore
1439 2709 1757 2763 iudicandum
1801 2713 1902 2774 est,

263 2929 323 2987 θ)
380 2934 479 2973 Non
525 2947 702 2986 possum
743 2938 954 2979 asuentiri
996 2936 1520 2980 Schleiermaehero
1561 2938 1590 2978 1.
1631 2950 1668 2977 e.
1707 2949 1754 2987 p.
1793 2939 1894 2978 297.

381 2991 445 3034 ita
479 2994 711 3036 scribenti:
750 2997 928 3048 „Will
957 2997 1050 3037 der
1079 2999 1252 3036 Lener
1282 2997 1452 3036 nither
1486 2996 1894 3045 untersuclxen,

379 3061 484 3089 wan
517 3051 650 3090 doch
682 3053 777 3094 dan
809 3054 1100 3103 Genpri'ich
1129 3054 1451 3103 eigentlich
1485 3054 1630 3104 wiil3
1662 3064 1719 3094 ao
1750 3051 1894 3091 wird

324 3158 327 3162 ⁸
382 3118 438 3145 er
481 3108 634 3148 nicht
677 3111 836 3149 recht
885 3114 1114 3160 winen,
1157 3111 1338 3150 wohin
1387 3124 1442 3149 er
1489 3111 1611 3149 sich
1657 3110 1893 3148 wenden

381 3165 516 3212 soll,
567 3172 760 3206 suerat
797 3169 924 3206 aber
967 3171 1168 3218 gewiu
1206 3168 1608 3218 eingestehen,
1658 3168 1782 3205 dan
1835 3177 1893 3204 e·

378 3232 482 3262 von
515 3223 650 3272 dom,
681 3236 789 3263 was
822 3224 908 3264 die
938 3228 1135 3265 zweite
1159 3226 1556 3265 nebel-schrift-
1586 3223 1891 3274 v‘erheisst‚

379 3279 508 3316 dtus
544 3292 597 3319 en
635 3282 872 3320 nemlich
914 3295 1016 3322 von
1059 3285 1152 3322 des
1194 3284 1503 3322 Mensohen
1538 3283 1718 3321 Natur
1756 3281 1892 3318 han-

378 3336 502 3378 deln
535 3338 671 3388 ⁸011,
705 3340 1016 3389 blutwenig
1045 3339 1320 3379 enthisstfl
1377 3339 1664 3380 secundaria·
1682 3339 1892 3378 librorum

375 3392 702 3435 Platonicorum
753 3395 1063 3445 inscriptione·
1113 3396 1412 3448 grammatici·
1470 3401 1668 3446 accepta·
1729 3394 1892 3438 reterri

376 3455 483 3490 uota
513 3464 584 3493 re·
613 3456 706 3506 est,
737 3465 816 3494 nec
846 3453 929 3504 ipsi
959 3454 1354 3497 Semelei-machere
1384 3455 1630 3506 incognita.

2049 1494 2066 1634 “”..“ν.-
2063 1374 2066 1428 ,-
2061 1293 2066 1312 ‚-
