2066 3666
629 127 1250 211 enarrans
1701 154 1772 206 m

88 304 194 360 rat,
231 299 497 351 Platonem
535 300 744 367 Cratylo
780 299 1187 368 συγγενέσθαι,
1222 299 1321 350 boe
1360 305 1441 351 est
1479 300 1586 351 elus
1621 316 1768 352 usum

89 388 210 429 esse
247 374 566 422 institutione
603 378 659 422 et
693 373 984 438 disciplina:
1036 388 1097 421 ex
1145 387 1245 436 quo
1276 372 1547 422 cavendum
1584 377 1666 423 est
1701 388 1768 423 ne

86 450 334 509 protenus
370 445 661 494 interiorem
690 444 932 509 quandam
980 444 1244 494 amicitiam
1282 448 1338 492 et
1373 443 1766 495 familiaritatem

87 517 224 564 inter
261 523 530 579 utrumqne.
577 515 743 564 locum
788 516 1027 565 habuisse
1070 515 1383 580 colligamus,
1455 515 1585 577 Quid
1624 532 1764 578 vero,

86 588 133 636 si
167 587 314 636 Plato
351 593 534 652 postea
569 586 786 636 hominis
820 587 1191 637 institutionem
1226 602 1326 636 non
1363 587 1528 650 magni
1559 587 1763 649 fecerit,

85 659 354 722 ipsumque
400 664 615 723 propter
653 658 979 723 pertinaciam
1012 664 1067 709 et
1101 658 1371 707 vanitatem
1407 659 1762 719 contemserit,

84 729 264 778 fierine
309 736 417 777 tum
456 730 654 794 potuit,
706 735 765 779 ιιι
809 745 924 780 eum
959 735 1191 794 tanquam
1226 729 1521 779 insanientis
1549 731 1761 794 sapien-

81 801 185 849 tiae
221 806 496 850 amatorem
532 816 646 850 cum
681 802 787 851 risu
823 807 879 852 et
912 802 1227 851 cavillatione
1262 801 1596 852 traduceret?
1666 801 1762 872 At-

82 887 182 937 que
218 871 318 920 hoc
354 873 426 920 ita
462 872 654 922 factum
690 889 807 922 csse
842 874 988 923 nobis
1022 873 1215 937 Gratyli
1262 873 1532 938 imaginem
1576 872 1628 921 in
1665 887 1761 921 co-

76 944 314 1008 gnomine
359 943 492 993 libro
549 945 862 1010 propositam
898 946 1207 995 intuentibus
1241 944 1621 1009 haudquaquam
1667 943 1761 996 du—

77 1015 216 1065 bium
251 1013 465 1065 videtur.
536 1015 636 1065 Est
685 1018 817 1066 enim
855 1017 1090 1084 Cratylus
1126 1015 1256 1066 adeo
1290 1015 1491 1066 deditus
1526 1014 1759 1065 Hel-aeli-

81 1091 280 1136 teorum
314 1087 524 1149 rationi,
562 1093 619 1137 ut
654 1089 892 1154 quidquid
928 1106 957 1139 a
993 1078 1206 1139 Socrate
1237 1089 1520 1155 ineptarum
1557 1091 1758 1154 etymo-

76 1158 324 1223 logiarum
377 1159 428 1208 in
480 1159 701 1210 medium
758 1161 1000 1222 affertur,
1054 1159 1108 1210 id
1158 1161 1330 1211 statim
1393 1175 1605 1210 assensu
1661 1173 1757 1209 suo

73 1231 392 1295 comprobet,
427 1230 578 1280 modo
615 1247 784 1282 rerum
812 1233 998 1283 fluxum
1032 1237 1089 1282 et
1120 1232 1504 1283 inconstantiam
1541 1246 1759 1297 arguere

2 1329 9 1336 ·
73 1302 319 1351 videatur.
390 1302 667 1354 Praeterea
704 1305 832 1354 adeo
878 1310 960 1355 est
998 1309 1394 1355 commentorum
1432 1319 1637 1353 anorum
1675 1308 1755 1352 te-

73 1390 199 1435 nax,
234 1380 292 1424 ut
326 1389 570 1440 nusquam
611 1376 676 1426 de
711 1378 964 1426 sententia
999 1393 1096 1425 sna
1123 1376 1371 1437 decedat,
1404 1375 1456 1425 id
1493 1374 1628 1439 quod
1664 1390 1755 1424 ne-

73 1446 259 1512 minem
306 1447 612 1512 praeteribit
657 1448 773 1509 illa,
824 1465 951 1513 quae
996 1448 1113 1497 inde
1160 1466 1190 1498 a
1230 1464 1284 1514 p.
1328 1448 1448 1498 427,
1485 1446 1546 1496 E.
1591 1446 1755 1498 disse—

71 1523 285 1580 runtur,
329 1524 528 1568 attente
572 1520 939 1586 per-legentem.
1010 1520 1141 1583 Quid
1191 1519 1324 1584 quod
1373 1524 1601 1572 extremo
1649 1518 1755 1570 dia-¹

69 1587 226 1654 logo,
263 1595 590 1654 posteaquam
628 1591 866 1641 Socrates
900 1591 1150 1641 Heracliti
1199 1591 1263 1639 de
1301 1591 1629 1639 fluctuatione
1664 1606 1756 1639 re-

67 1677 181 1712 rum
230 1659 494 1711 doctrinae
541 1663 783 1727 opposuit
827 1679 967 1712 snam
1016 1663 1098 1710 vel
1134 1661 1650 1728 potius-Platonicam
1689 1659 1758 1714 de

67 1732 200 1784 ideis
235 1734 570 1793 sententiam,
622 1734 720 1783 sibi
754 1734 826 1783 ait
861 1734 996 1783 illius
1033 1734 1280 1783 rationem
1320 1732 1388 1782 ita
1426 1733 1659 1798 probari,
1695 1739 1755 1782 ιιι

67 1803 137 1855 de
183 1804 293 1854 eiua
335 1805 645 1871 praestantia
688 1821 784 1855 nec
832 1822 962 1855 nunc
1011 1805 1209 1855 dubitet
1252 1821 1348 1855 nec
1395 1805 1622 1854 fortasse
1649 1805 1754 1854 ”un-

67 1873 219 1943 quaui
266 1874 336 1926 ait
377 1876 711 1930 dubitaturus.
796 1876 1026 1943 Denique
1074 1877 1229 1927 homo
1264 1877 1393 1927 adeo
1441 1877 1647 1927 hebetia
1700 1878 1756 1926 et

70 1947 245 1999 obtusi
285 1948 473 2013 ingenii
525 1953 636 2008 est,
686 1952 745 1998 ut
781 1965 912 2014 qnae
945 1965 975 1997 a
1010 1948 1223 1998 Socrate
1269 1954 1624 2015 proponuntur
1665 1963 1755 1998 vo-

67 2019 365 2072 cabulorum
399 2020 787 2085 originationes,
836 2037 922 2070 eas
970 2021 1219 2071 irrisionis
1267 2025 1322 2071 et
1354 2020 1557 2072 ludibrii
1593 2020 1767 2085 gratia?

68 2092 124 2144 in
170 2090 393 2141 medinm
440 2091 613 2140 ass'erri
658 2092 1040 2158 haudquaquam
1093 2093 1316 2154 sentiat,
1360 2093 1463 2143 imo
1496 2092 1614 2144 illas
1647 2091 1757 2142 Eu·

70 2162 353 2230 thypbroni
397 2164 498 2213 vati
544 2168 632 2213 aut
688 2163 775 2213 alii
828 2163 1023 2214 cuidam
1060 2163 1357 2215 Heracliteo
1392 2168 1633 2231 acceptas
1666 2178 1758 2215 r-e-

69 2234 204 2287 ferri
246 2251 440 2286 summa
474 2251 590 2286 cum
625 2236 919 2287 temeritate
966 2236 1161 2288 credat.
1233 2235 1375 2287 Talis
1410 2237 1568 2302 igitur
1603 2250 1759 2302 quum

69 2306 226 2359 homo
258 2306 608 2369 describatur,
659 2307 891 2373 equidem
927 2324 1028 2374 non
1063 2309 1242 2370 miror,
1290 2309 1423 2375 quod
1459 2308 1604 2358 Plato
1641 2322 1759 2357 eum

72 2378 252 2431 habuit
295 2377 540 2442 ludibrio,
593 2380 693 2429 etsi
741 2380 861 2430 olim
907 2379 1016 2429 eiua
1050 2380 1369 2431 institutione
1405 2384 1458 2430 et
1495 2379 1759 2430 familiari-2

76 2456 187 2503 tate
231 2466 357 2502 usna
402 2458 530 2504 erat.
614 2451 874 2504 Videlicet
919 2452 1135 2505 hominia
1183 2453 1440 2518 ingenium
1482 2452 1609 2502 adeo
1657 2450 1761 2500 fuit

78 2523 296 2591 pingue,
329 2525 390 2572 ut
424 2522 511 2587 qui
549 2530 693 2574 esset
728 2525 892 2574 animo
931 2529 987 2573 et
1020 2528 1194 2574 mente
1229 2526 1513 2586 erectiore,
1536 2559 1541 2562 -
1564 2525 1609 2574 is
1646 2522 1759 2572 eiua

76 2594 298 2647 amicitia
332 2594 577 2645 oblectari
620 2612 719 2646 non
767 2595 1032 2662 admodum
1081 2599 1326 2662 potuerit.
1399 2596 1501 2647 lam
1545 2610 1667 2645 vero
1714 2594 1761 2644 si
1859 2615 1864 2619 ’

77 2682 323 2734 quaeras,
370 2681 462 2715 cnr
505 2665 650 2717 Plato
697 2667 982 2718 faciendum
1031 2670 1311 2734 putaverit,
1358 2674 1416 2719 ut
1463 2668 1513 2717 ei
1547 2665 1760 2734 potissi-

77 2753 215 2791 mum
251 2736 627 2790 interlocutoria
651 2745 825 2806 partes
862 2741 911 2789 in
948 2740 1047 2790 hoc
1068 2740 1198 2790 libro
1225 2740 1569 2804 demandaret,
1608 2754 1761 2805 quem

80 2825 257 2860 omne·
292 2808 550 2861 novissent
582 2811 683 2878 ipsi
729 2814 945 2878 primum
985 2811 1235 2863 Heracliti
1281 2814 1562 2863 doctrinam
1599 2810 1760 2860 tradi-

81 2882 251 2942 disse,
298 2879 462 2930 babeo
505 2897 627 2933 sane
669 2884 801 2950 quod
850 2882 1202 2948 respondeam
1285 2885 1491 2936 Etenim
1538 2882 1639 2932 fuit
1674 2881 1762 2932 hic

83 2952 245 3013 liber,
280 2952 379 3005 nisi
415 2951 596 3015 fallor,
643 2957 862 3006 omnium
911 2957 1133 3021 primus,
1181 2957 1231 3007 in
1269 2972 1368 3023 quo
1402 2955 1760 3022 philosophus,

81 3029 321 3092 quantum
369 3038 398 3072 a
432 3024 629 3075 ratione
674 3025 1084 3078 Heracliteorum
1127 3032 1181 3077 et
1213 3027 1641 3093 Protagoreornm
1676 3040 1763 3076 re-

83 3095 313 3153 cederet,
353 3095 516 3160 palam
543 3095 829 3148 declaravit.
902 3099 1149 3162 Quocirca
1179 3099 1399 3166 eleganti
1428 3098 1614 3149 iudicio
1650 3111 1761 3147 rem

85 3169 162 3220 tic
188 3166 427 3229 institnit,
461 3174 518 3216 ut
534 3168 811 3235 cratylnm,
847 3171 1202 3239 primnm,3uo
1227 3188 1347 3221 nans
1374 3174 1501 3232 erat,
1523 3170 1572 3219 in
1595 3167 1760 3218 Hera-

86 3240 195 3291 cliti
223 3237 447 3287 doctrina
469 3240 780 3305 magistrum,
815 3242 1103 3307 loquentem
1126 3242 1473 3295 introduceret
1497 3241 1653 3307 eique)
1665 3254 1762 3307 per

85 3310 351 3363 Socratem
389 3310 660 3373 significari
691 3313 906 3374 iuberet,
941 3320 1179 3380 qunantnm
1212 3314 1372 3379 ipsius
1409 3313 1476 3366 de
1510 3326 1679 3368 rernm
1711 3312 1759 3363 vi

88 3389 145 3437 et
179 3387 355 3437 natura
387 3381 623 3437 iudicium
658 3399 687 3436 a
721 3383 942 3439 decretis
981 3385 1388 3438 lleracliteorum
1424 3384 1759 3453 discreparet.
1812 3428 1817 3435 .
