2066 3666
643 127 1279 211 cuarvens
1387 191 1389 195 ι
1735 85 1886 180 m„

107 276 170 329 ad
205 282 400 329 rectam
434 288 607 327 rerum
645 274 984 341 cognitionem
1021 272 1211 338 aliquid
1248 273 1548 337 conferant,
1584 280 1643 326 ut
1678 273 1809 324 haec

105 352 256 400 unice
302 366 363 400 ex
414 357 586 399 mutua
630 362 805 397 earum
832 346 1208 396 'coniunctione
1261 352 1316 395 et
1361 348 1585 412 ipsarum
1631 354 1810 398 natura

107 422 383 472 haurienda
438 420 684 469 videatur.
782 417 941 467 Certe
1002 417 1205 482 quidem
1266 417 1395 466 haec
1448 419 1671 483 cognitio
1725 422 1809 468 est

108 495 271 545 multo
319 491 675 558 praestabilior
720 504 810 546 ea,
847 504 975 554 quae
1013 505 1076 539 ex
1130 488 1487 539 vocabulorum
1523 491 1715 540 umbris
1752 495 1811 540 et

109 565 411 631 imaginibus
455 562 700 611 hauritur.
784 560 901 611 Huc
947 558 1177 622 accedit,
1222 560 1357 625 quod
1404 562 1647 610 voeabula
1708 563 1808 612 ista

106 644 300 689 motum
336 651 506 684 rerum
544 632 880 700 significantia
925 648 1154 683 errorem
1175 633 1411 698 [prodere
1445 632 1696 693 videntur,
1734 634 1810 683 si-

105 708 311 775 quidem
346 721 435 756 res
474 720 572 756 uon
607 710 860 771 perpetua
895 703 1227 754 fluctuatione
1267 706 1549 770 agitantur,
1597 703 1688 753 sed
1726 709 1812 755 est

105 779 310 844 aliquod
358 778 573 836 bonum,
618 775 883 842 pulcrum,
942 777 1215 827 honestum
1265 791 1363 843 per
1414 793 1473 826 se
1521 777 1811 832 consistens

106 865 207 904 nec
232 851 323 900 ulli
348 849 642 899 mutationis
666 847 1000 898 vicissitudini
1021 849 1323 900 subiectum.
1405 846 1667 899 Videlicet
1694 847 1811 913 pul-

105 939 247 975 crum
283 923 451 986 ipsum
491 922 535 970 si
571 935 781 984 semper
815 918 1026 982 flueret,
1064 936 1132 970 ne
1166 922 1414 971 nominari
1444 920 1647 985 quidem
1686 935 1810 984 pos-

104 1001 220 1056 set,
267 992 403 1058 quod
451 992 567 1041 dum
625 991 1025 1053 nominaremus,
1078 997 1325 1058 protenus
1373 993 1621 1043 evaderet
1660 990 1813 1044 aliud.

103 1066 238 1132 Quid
275 1064 410 1130 quod
447 1065 499 1114 iu
533 1060 634 1113 ista
670 1078 840 1114 rerum
877 1065 1155 1130 agitatione
1189 1081 1286 1115 nec
1321 1066 1550 1131 cognitio
1592 1062 1698 1117 ulla
1731 1063 1812 1114 lo-

102 1155 217 1189 cum
254 1137 497 1187 haberet:
534 1151 646 1185 nam
686 1136 845 1201 ipsam
885 1137 1226 1202 cognitionem
1255 1152 1474 1187 necesse
1509 1140 1653 1187 esset
1689 1151 1814 1202 per-

103 1217 267 1278 petuo
303 1209 487 1259 mutari
521 1207 742 1271 ideoque
778 1209 997 1258 transire
1033 1209 1085 1259 in
1120 1210 1282 1275 ipsius
1309 1210 1632 1263 contrarium.
1705 1205 1813 1258 Sed

103 1284 194 1333 illa
229 1297 351 1332 sane
388 1297 568 1346 magua
602 1295 662 1328 ac
698 1278 1199 1344 difficilis=quaestio
1234 1286 1347 1343 est,
1381 1286 1554 1332 utrum
1590 1297 1676 1331 res
1717 1295 1815 1346 per

104 1371 165 1407 ae
199 1353 481 1405 consistant
515 1351 692 1402 iii-mae
728 1357 784 1402 et
818 1352 1196 1416 immutabiles,
1232 1370 1294 1403 an
1330 1354 1609 1404 secundum
1645 1353 1814 1403 Hera-

103 1427 280 1478 clitum
323 1429 581 1492 perpetuo
633 1423 840 1473 flumine
891 1425 1186 1490 agitentur,
1235 1440 1385 1489 quam
1446 1426 1498 1478 in
1554 1425 1813 1492 praesenti
1887 1444 1889 1446 ·

11 1527 18 1533 ν
104 1501 312 1551 missam
359 1495 618 1547 faciamus.
723 1495 853 1545 Illud
903 1502 1071 1547 autem
1121 1498 1415 1547 certissime
1464 1503 1547 1548 est
1592 1497 1814 1548 hominis

102 1586 279 1638 parum
320 1566 658 1626 considerati,
694 1568 912 1622 animum
948 1584 1094 1618 suum
1131 1569 1491 1620 vocabulorum
1530 1571 1721 1619 umbris
1759 1574 1818 1619 et

103 1640 406 1708 imaginibus
444 1634 775 1688 erudiendum
813 1641 1154 1701 committere,
1189 1639 1423 1704 adeoque
1458 1641 1521 1690 iis
1559 1640 1815 1691 confiden-

51 1750 56 1758 .
102 1720 211 1766 tem
248 1718 396 1762 certo
433 1708 747 1761 contendere
783 1716 839 1759 et
872 1710 1159 1772 affirmare,
1207 1710 1335 1761 nihil
1372 1710 1645 1776 quidquam
1675 1709 1818 1763 ‘certi

101 1801 165 1837 ac
200 1785 334 1836 firmi
369 1785 421 1834 in
456 1784 614 1833 rebus
651 1782 855 1845 inesse,
892 1782 986 1834 sed
1023 1785 1191 1834 omnia
1227 1783 1392 1835 fluere
1425 1789 1583 1849 atque
1617 1785 1817 1853 agitari.

102 1857 163 1909 Ρ.
197 1857 321 1908 4³8.
355 1854 419 1906 lt.
456 1884 527 1893 —
563 1854 686 1905 4⁴⁰.
728 1853 788 1905 Ο.

247 1941 393 1993 Haec
439 1946 776 2008 posteaquam
825 1940 898 1989 ita
944 1939 1185 2005 exposuit
1229 1937 1501 2004 Socrates,
1552 1935 1818 2011 cratylum

105 2015 441 2076 cohortatur,
475 2018 536 2064 ut
570 2014 727 2063 missa
758 2012 1120 2078 superstitiosa
1154 2011 1462 2063 credulitate
1497 2014 1616 2080 ipse
1652 2011 1836 2068 omuia‘

104 2088 382 2155 diligenter
425 2085 665 2151 exploret
714 2084 1079 2150 explorataque
1122 2083 1391 2148 aliquando
1440 2101 1619 2136 secum
1674 2102 1819 2139 com-

107 2161 353 2215 municet.
425 2156 527 2208 Hic
561 2155 698 2206 vero'
723 2157 824 2207 etsi
858 2155 960 2205 hoc
994 2157 1068 2205 ita
1103 2171 1133 2205 a
1166 2172 1226 2206 se
1262 2154 1459 2207 factum
1493 2158 1557 2208 iri
1593 2159 1819 2224 pollice-

107 2238 222 2294 tur,
266 2236 439 2282 tamen
487 2244 608 2279 sese
651 2229 725 2278 ait
767 2228 820 2278 in
867 2227 949 2278 his
986 2228 1141 2277 rebus
1177 2243 1277 2279 non
1314 2227 1445 2278 adeo
1483 2245 1604 2280 esse
1639 2231 1822 2299 hospi-

107 2310 219 2356 tem
264 2309 322 2355 et
371 2302 693 2368 imperitum,
739 2305 799 2350 ut
833 2299 1160 2350 Heracliteae
1206 2299 1417 2352 rationis
1453 2305 1819 2367 praestantiam

107 2391 210 2428 non
258 2375 463 2427 sentiat.
535 2372 716 2438 ltaque
763 2371 1005 2423 Socrates
1053 2373 1116 2421 ab
1154 2387 1218 2422 eo
1255 2374 1417 2438 petit,
1466 2378 1525 2424 ut
1570 2391 1695 2426 rure
1729 2392 1819 2428 re-

110 2462 291 2499 versus
326 2446 465 2496 illam
511 2445 609 2496 sibi
646 2445 885 2495 ostendat
922 2449 978 2494 et
1013 2442 1350 2500 demonstret.
1423 2445 1619 2510 Quibus
1666 2447 1823 2503 dictis

111 2518 425 2585 colloquium
459 2517 650 2571 finitur.
720 2516 778 2572 P.
812 2517 935 2570 44⁰.
971 2514 1015 2566 D
1054 2544 1125 2554 —
1157 2517 1223 2572 Ε.

258 2617 393 2671 Satis
440 2617 793 2669 confirmatum
847 2619 1084 2683 putamus
1119 2616 1240 2683 hac„-
1253 2615 1444 2686 dialogi
1480 2619 1826 2684 enarratione,

114 2690 254 2757 qnod
299 2697 450 2742 antea
492 2689 558 2741 de
593 2689 862 2756 scriptoris
910 2689 960 2739 in
997 2704 1061 2758 eo
1100 2689 1408 2741 elaborando
1445 2693 1656 2743 consilio
1693 2709 1821 2760 pau-

36 2802 39 2809 f
114 2765 191 2816 cia
244 2763 415 2815 verbis
464 2762 869 2829 significavimus,
943 2759 1131 2812 Docuit
1180 2763 1313 2814 enim
1349 2762 1726 2830 philosophae,
1774 2765 1823 2817 si

118 2834 240 2901 quid
277 2835 503 2886 iudicare
552 2849 795 2900 possum,
840 2834 1042 2884 nomina
1075 2849 1248 2885 rerum
1284 2850 1382 2886 nec
1419 2836 1569 2887 unice
1606 2837 1822 2888 arbitra-

121 2909 199 2958 ria
235 2923 354 2958 ease
379 2921 476 2956 uec
500 2905 847 2957 tantummodo
883 2905 1147 2968 naturalia,
1178 2907 1495 2973 mirificeque
1525 2908 1826 2961 hallucinari

119 2994 231 3039 eoa,
250 2979 335 3043 qui
362 2977 698 3043 posteriorem
722 2978 1045 3045 potissimum
1071 2978 1238 3030 secuti
1263 2980 1570 3031 sententiam
1590 2996 1653 3030 ex
1674 2996 1826 3032 voca-

119 3050 356 3103 bulorum
382 3049 735 3115 originatione,
772 3050 1075 3115 praesertim
1097 3050 1225 3100 adeo
1248 3056 1448 3101 temere
1471 3056 1708 3115 tractata,
1737 3069 1826 3104 re-

119 3138 235 3174 rum
270 3122 612 3187 cognitionem
648 3121 972 3172 hauriendam
1013 3126 1260 3184 statuant,
1315 3127 1374 3173 ut
1410 3138 1540 3187 quae
1577 3123 1729 3177 unice
1762 3127 1826 3178 'ex

119 3193 418 3246 immutabili
455 3194 806 3259 constantique
839 3193 1039 3243 illarum
1077 3199 1256 3245 natura
1291 3193 1521 3246 ducenda
1557 3195 1644 3247 sit.

264 3293 366 3345 lam
411 3308 533 3343 vero
583 3292 782 3359 quinam
831 3293 1026 3344 fuerint
1061 3293 1355 3360 philosophi
1390 3294 1478 3345 isti
1514 3299 1682 3361 atque,
1709 3304 1824 3366 ety-

122 3365 342 3433 mologi,
392 3366 477 3431 qui
522 3364 572 3417 in
617 3364 829 3433 cratylo
878 3365 1108 3419 ridentur
1146 3371 1202 3418 et
1254 3366 1620 3436 exploduntur,
1668 3371 1824 3441 vulgo
