2066 3666
641 136 1272 197 GRATYLUS
1743 139 1816 190 18

116 289 321 358 primit,
366 304 464 355 per
518 301 748 338 errorem
794 287 882 337 alii
916 287 995 336 r'ei
1031 285 1189 336 tribui
1219 289 1436 351 potest,
1486 288 1545 335 ut
1592 281 1815 335 manife-

115 370 252 413 stum
296 362 368 412 sit
416 361 568 410 etiam
604 360 656 409 in
692 360 945 409 nominum
990 374 1088 407 usn
1122 357 1291 408 fraudi
1326 357 1492 406 locum
1531 373 1666 406 esse.
1737 355 1817 405 Ex

116 449 219 502 qno
267 434 625 498 consequitur,
666 436 725 480 ut
778 431 873 480 alia
921 431 1123 480 nomina
1164 434 1347 490 recte,
1398 429 1495 477 alia
1542 442 1818 495 perperam

117 507 273 557 rebus
308 506 466 555 tribui
501 503 829 553 existimanda
864 503 998 564 sint,
1046 508 1201 568 atque
1236 502 1368 551 adeo
1414 500 1512 548 alia
1551 501 1662 549 aliis
1698 514 1820 549 esse

120 578 351 628 meliora.
394 576 452 628 P.
505 575 627 625 427.
664 573 725 623 Ε.
766 602 831 611 -—
869 573 1092 628 431.1·}.
1163 574 1330 624 Acute
1380 571 1585 637 quidem
1632 572 1821 636 Crat?-

121 651 202 700 lus
238 648 302 697 ad
339 647 471 696 haec
514 646 797 711 respondet
831 662 1046 708 nomen,
1098 645 1233 712 quod
1275 646 1429 695 aliter
1463 645 1716 709 scriptum
1754 643 1824 691 sit

119 727 275 787 atque
307 719 526 779 debeat,
571 718 723 803 plane
758 718 892 767 aliud
930 685 1150 769 evadere
1190 725 1347 783 atque
1378 715 1507 765 adeo
1554 731 1655 764 non
1705 729 1827 763 esse
1922 726 1926 742 ’

120 807 307 844 nomeu
355 792 468 840 eius
515 791 621 851 rei,
669 806 815 856 quam
865 791 1154 856 significare
1197 789 1399 840 debeat.
1480 786 1676 838 Verum
1725 799 1829 836 non

121 866 287 916 miuus
332 870 483 913 acute
530 861 776 913 Socrates
818 862 956 912 istud
1001 861 1206 929 quidem
1259 862 1331 912 ait
1378 862 1430 910 in
1466 873 1708 909 numeros
1744 872 1830 906 ca-

121 937 279 997 dere,
327 935 416 1002 qui
462 933 635 983 demta
677 933 761 984 vel
804 934 973 984 addita
1017 935 1214 985 unitate
1253 938 1504 1000 protenus
1550 932 1650 980 vim
1689 945 1833 979 snam
1915 940 1919 947 ·

122 1009 385 1068 amittant3
422 1005 556 1056 sed'
540 1006 811 1072 imaginum
831 1007 980 1058 aliam
1007 1023 1125 1057 esse
1147 1007 1417 1068 rationem,
1443 1019 1590 1069 quae,
1629 1000 1834 1052 etiamsi

126 1097 228 1134 non
275 1081 378 1131 sint
425 1080 560 1130 omui
609 1094 671 1127 ex
726 1085 879 1145 parte
926 1078 1152 1141 similes,
1209 1083 1380 1129 tamen
1429 1076 1677 1142 imagines
1720 1089 1835 1124 ma·

125 1157 298 1214 neant,
335 1167 505 1218 quum,
548 1166 680 1218 quae
716 1151 814 1201 sibi
845 1151 1007 1238 ‘plane
1041 1152 1145 1202 sint
1181 1150 1394 1212 similia,
1432 1149 1547 1199 bina
1582 1148 1726 1209 fiant,
1760 1146 1836 1196 ita
1874 1156 1876 1159 ·

126 1232 218 1287 ut,
263 1225 309 1275 si
343 1223 542 1289 Cratyli
590 1239 774 1274 nomen
811 1225 923 1275 eius
959 1228 1188 1275 naturam
1225 1237 1440 1289 prorsus
1474 1223 1837 1287 repraesenta·

127 1304 240 1357 ret,
286 1309 388 1347 non
434 1311 564 1346 unus
602 1295 868 1362 cratylus,
919 1296 1012 1347 sed
1055 1296 1157 1347 duo
1192 1294 1430 1346 exstituri
1465 1299 1657 1344 essent.
1730 1291 1839 1342 lam

127 1384 253 1421 vero
280 1383 464 1420 nomen
501 1369 548 1419 si
581 1368 634 1419 ei
666 1369 775 1433 rei,
810 1385 959 1436 quam
997 1369 1280 1435 siguificat,
1328 1365 1525 1419 simile
1534 1370 1647 1426 est,
1683 1363 1842 1413 etiam

128 1443 417 1503 elementa,
465 1430 537 1490 e'x
573 1440 757 1505 quibus
813 1442 1069 1508 primitiva
1102 1439 1347 1490 vocabula
1381 1442 1507 1489 sunt
1536 1437 1858 1503 composituv

129 1515 288 1566 rebus
326 1512 512 1564 similia
560 1514 664 1564 siut
701 1528 916 1579 prorsus
952 1529 1172 1564 necesse
1207 1516 1309 1565 est.
1381 1511 1495 1578 Age
1539 1510 1734 1577 igitur,
1777 1505 1844 1557 ad

129 1587 263 1639 hanc
299 1599 527 1635 normam
572 1585 846 1636 verborum
892 1601 1042 1637 usum
1091 1586 1368 1651 exigamus
1439 1582 1712 1632 Posuimus
1748 1579 1847 1645 igi-

132 1679 220 1726 tur
247 1677 400 1722 autea
419 1670 623 1721 literam
659 1690 692 1739 ρ
730 1670 800 1732 id,
837 1670 973 1735 quod
997 1685 1239 1736 asperum
1277 1673 1377 1730 est,
1412 1667 1614 1718 literam
1650 1665 1683 1717 λ.
1719 1678 1845 1714 vero

132 1745 295 1798 laevia
329 1749 386 1794 et
430 1740 607 1794 mollia
639 1741 880 1793 indicare.
953 1743 1112 1807 Atqui
1155 1744 1210 1793 in
1247 1739 1496 1791 vocabulo
1534 1731 1848 1810 σκληρότης

132 1830 495 1897 interpositam
531 1830 787 1880 cernimus
822 1829 1026 1880 literam
1061 1829 1123 1890 λ,
1170 1827 1224 1879 id
1262 1826 1402 1892 quod
1445 1826 1762 1893 asperitatis
1791 1835 1849 1878 et

136 1903 346 1955 duritiei
386 1907 597 1952 naturae
634 1902 962 1965 adversatur.
1012 1900 1151 1951 idem
1198 1901 1252 1952 in
1294 1900 1400 1950 fine
1434 1899 1596 1951 habet
1641 1899 1850 1953 literam

140 2007 205 2052 σ,
255 2003 385 2054 quae
436 1986 583 2038 'certe
632 1985 760 2037 nihil
818 1987 957 2037 valet
1007 1987 1073 2036 ad
1123 1987 1462 2054 asperitatem
1513 1985 1851 2049 indicandam,

138 2078 292 2146 quum
328 2060 502 2127 potius
537 2059 909 2110 Eretriensium
947 2058 1170 2109 dialecto
1194 2059 1464 2109 dicendum
1500 2057 1663 2108 fuerit
1692 2057 1853 2124 σκλη·

136 2128 331 2204 ρότηρ.
403 2132 637 2198 Apparet
661 2132 817 2198 igitur
851 2132 1142 2182 certissime
1176 2131 1278 2181 hoc
1304 2131 1611 2181 vocabulum
1640 2131 1720 2181 rei
1755 2146 1854 2198 per

137 2208 308 2274 ipsum
357 2203 646 2254 declaratae
691 2205 792 2254 vim
849 2209 905 2253 et
953 2211 1185 2254 naturam
1235 2203 1620 2268 haudquaquam
1679 2204 1854 2270 expri-

139 2294 302 2332 mere.
373 2277 540 2341 Quum
587 2280 759 2327 autem
808 2275 929 2341 quid
974 2276 1074 2326 hoc
1124 2292 1310 2326 nomen
1360 2276 1646 2342 significet,
1696 2290 1854 2326 nemo

141 2352 404 2416 qnisquam
439 2349 671 2415 ignoret,
722 2349 1142 2399 consuetudinem
1179 2355 1235 2399 et
1272 2365 1420 2398 nsum
1461 2349 1514 2398 in
1564 2348 1855 2403 nominibus

143 2421 334 2486 aliquid
367 2421 539 2471 §alere
587 2436 689 2472 non
726 2421 850 2471 licet
886 2414 1134 2471 dubitare.
1209 2420 1285 2471 lta
1326 2421 1482 2487 igitur
1528 2435 1661 2471 nunc
1694 2420 1853 2472 vicis-

148 2495 243 2546 sim
282 2493 478 2558 Cratyli
514 2495 767 2543 sententia
803 2493 864 2541 ad
896 2493 1240 2559 Hermogenis
1277 2494 1527 2544 rationem
1560 2498 1854 2554 rev,ocatur

147 2564 571 2631 quemadmodum
614 2570 764 2615 antea
800 2565 1154 2633 Hermogenes
1206 2581 1271 2615 eo
1307 2565 1558 2615 adductus
1611 2570 1753 2628 erat,
1796 2569 1857 2615 ut

147 2638 213 2688 ad
264 2637 459 2703 Cratyli
500 2637 794 2688 discederet
841 2640 1161 2689 sententiam.
1212 2638 1348 2702 Quo
1402 2638 1518 2704 ipso
1556 2636 1705 2687 Plato
1754 2651 1858 2688 non

150 2712 371 2761 obscure
400 2726 542 2760 auam
566 2711 727 2777 ipsius
766 2711 1070 2776 significavit
1095 2711 1419 2761 sententiam.
1492 2709 1687 2761 Statuit
1723 2710 1856 2759 enim

151 2781 496 2850 philosophus
565 2788 831 2848 utramque
900 2785 1146 2834 rationem
1211 2781 1402 2846 aliquid
1468 2783 1580 2832 veri
1644 2782 1858 2843 habere,

151 2855 373 2917 ideoque
394 2870 491 2904 non
528 2853 700 2906 divelli
736 2854 831 2905 sed
862 2857 1034 2920 potius
1071 2855 1309 2921 coniungi
1341 2856 1392 2906 in
1416 2870 1571 2906 unum
1595 2859 1859 2921 oportere.

152 2926 210 2978 P.
253 2927 373 2977 427.
415 2924 457 2974 l)
493 2952 565 2964 —
600 2927 724 2979 435.
764 2927 824 2982 C.

298 3025 396 3076 llis
445 3025 721 3092 exploratis
760 3025 1013 3077 Socrates
1067 3024 1131 3075 ad
1174 3026 1328 3078 alium
1378 3027 1576 3094 Cratyli
1627 3041 1860 3077 errorem

157 3097 507 3164 castigandum
545 3100 855 3166 aggreditur.
930 3098 978 3148 ls
1028 3100 1161 3148 enim
1199 3107 1472 3150 censuerat
1520 3100 1722 3149 nomina
1758 3110 1861 3149 nou

157 3170 311 3222 modo
347 3170 598 3231 indicare,
644 3172 761 3237 quid
813 3172 1041 3238 ipsorum
1079 3171 1424 3222 inventoribus
1449 3171 1527 3221 ‘de
1558 3187 1732 3220 rerum
1770 3186 1857 3220 na-

159 3249 272 3292 tura
308 3243 467 3291 visum
507 3248 676 3306 esset,
726 3243 816 3294 sed
870 3244 1021 3292 etiam
1060 3243 1222 3307 ipsam
1260 3259 1431 3293 rerum
1466 3244 1565 3293 vim
1604 3247 1860 3293 naturam-

160 3330 260 3379 que
310 3314 635 3379 patefacere,
683 3314 755 3365 ita
801 3320 859 3364 ut
905 3315 991 3379 qui
1038 3313 1125 3365 illa
1160 3316 1416 3377 novisset,
1469 3316 1623 3364 etiam
1675 3315 1859 3365 harum

157 3387 404 3437 rationem
444 3401 644 3438 omnem
666 3386 996 3455 intelligeret.
1069 3387 1323 3451 Quocirca
1341 3388 1404 3438 iis
1437 3387 1667 3438 voluerat
1704 3388 1858 3440 ctiam
