2106 3678
620 168 629 170 ’
704 178 1213 253 cnaammn's,
1734 203 1809 254 sa

93 347 428 401 familiaribus
474 343 771 414 quibusdam
817 341 893 394 de‘
928 344 1210 408 colloquio
1259 345 1392 410 quod
1439 345 1704 412 aliquando
1740 349 1804 399 ab

0 445 6 455 ·
95 422 423 487 expeditione
465 419 518 468 in
567 417 842 468 Thraciam
890 421 1131 482 suscepta
1181 431 1421 466 reversus
1475 434 1588 467 cum
1640 420 1800 471 Critia

81 496 250 559 'atque
296 489 600 549 Charmide,
651 490 761 537 eius
807 488 1071 552 patruele,
1118 489 1301 538 iuvene
1352 489 1700 555 palchen-imo
1748 498 1804 543 et

11 620 16 626 ι
95 564 502 619 modestissimo
543 560 844 609 instituerit.

239 635 340 686 Vix
381 639 728 691 reverteram
775 629 965 694 inquit,
1010 629 1269 691 Athenas
1308 647 1459 696 quum
1499 632 1679 682 solitas
1716 650 1802 682 re-

95 713 283 773 petens
323 703 735 754 conversationes
773 702 1008 751 Taureae
1045 701 1351 765 palaestram
1387 703 1647 767 ingressus
1672 722 1801 759 sum.

96 777 199 828 Ubi
252 793 405 840 quum
440 791 523 824 me
559 774 838 823 familiares
874 773 977 822 mei
1012 773 1471 831 consalutavissent
1519 776 1688 837 aede.
1716 793 1802 827 re-

95 851 191 900 bus
262 848 403 898 bello
476 847 636 912 gestis
706 860 923 909 meaque
992 843 1201 894 fortuna
1270 852 1447 895 essent
1533 848 1802 912 sciscitati,

95 921 307 970 consedi
351 917 616 983 aliquando
666 917 805 965 iuxta
851 916 1093 976 Critiam
1142 916 1458 966 Callaesehri
1507 918 1696 981 filium,
1746 927 1803 972 et

23 1037 37 1055 ,
95 993 379 1058 paullisper
430 1005 544 1038 cum
580 988 683 1038 illis
726 987 1082 1037 confabulatus
1121 1004 1248 1039 sum.
1324 988 1554 1038 Tandem
1593 1007 1683 1040 eos
1722 993 1801 1043 in-

96 1063 355 1131 terrogavi
391 1063 544 1110 etiam
582 1060 646 1108 de
682 1059 1039 1125 philosophiae
1075 1050 1368 1109 conditione
1405 1061 1572 1126 deque
1608 1063 1802 1136 iuveni-

96 1136 226 1198 bus,
275 1135 361 1201 qui
402 1134 485 1183 vel
529 1132 780 1197 sapientia
813 1131 897 1180 wel
930 1127 1312 1196 pulchritudine
1357 1133 1440 1181 vel
1476 1139 1721 1206 utraque
1730 1137 1804 1187 si-

96 1207 203 1257 mul
251 1211 474 1273 praeter
514 1212 721 1254 ceteros
773 1202 1102 1254 excellerent.
1186 1202 1254 1251 ΗΞ
1259 1219 1286 1252 c
1343 1197 1537 1254 statim
1580 1206 1801 1259 Clitias:

97 1278 176 1328 En
222 1280 465 1339 iuvenes,
506 1277 697 1341 inquit,
761 1275 1070 1340 palaestram
1125 1275 1408 1325 intrantes!
1470 1277 1608 1326 inter
1673 1296 1802 1345 quos

99 1356 185 1400 eat
230 1350 320 1400 ille
367 1351 510 1415 ipse,
565 1349 651 1413 qui
699 1363 831 1395 nunc
867 1347 930 1395 ab
967 1347 1197 1396 omnibus
1235 1347 1386 1412 longe
1424 1348 1801 1413 pulcherrimus

98 1422 436 1471 existimatur.
517 1419 616 1469 Est
651 1418 736 1467 hic
774 1418 1106 1479 Charmides,
1154 1417 1453 1479 (Hannonis,
1492 1424 1663 1484 patrui
1699 1426 1802 1475 mei

96 1493 263 1554 filius,
320 1508 472 1559 quem
520 1491 749 1540 fortasse
795 1491 896 1539 iam
936 1489 1057 1539 olim
1093 1491 1278 1539 novisti
1315 1490 1479 1539 adhuc
1514 1496 1802 1556 puerulum.

29 1577 47 1607 ο
94 1563 168 1614 Et
202 1580 324 1613 vero
376 1579 475 1628 ego
513 1564 692 1612 eximia
722 1562 1063 1623 adolescentis
1100 1561 1430 1611 formositate
1463 1563 1805 1628 vehementer

92 1636 364 1702 perculsus
412 1651 550 1694 sum,
596 1651 746 1699 quem
783 1649 879 1682 nec
915 1634 1080 1682 ceteri
1116 1634 1225 1682 sine
1261 1633 1597 1685 admiratione
1631 1639 1803 1689 intue-

97 1709 296 1761 bantur.
385 1707 662 1771 Cupiebam
697 1706 856 1771 igitur
891 1705 1055 1766 scire,
1092 1706 1332 1770 numquid
1367 1707 1417 1755 in
1452 1723 1666 1758 recessu
1704 1711 1804 1761 ha-

95 1780 249 1830 beret
295 1778 433 1843 quod
487 1778 663 1827 fronte
713 1777 1074 1843 promitteret,
1112 1777 1213 1826 hoc
1252 1782 1369 1838 est,
1407 1794 1507 1843 quo
1545 1788 1688 1832 esset
1722 1783 1800 1834 in-

96 1852 255 1916 genio
301 1856 358 1900 et
406 1867 504 1916 qua
542 1849 845 1900 eruditione.
904 1849 1213 1915 >Quanquam
1249 1849 1406 1898 facile
1441 1857 1679 1915 poteram
1715 1871 1802 1905 su-

99 1923 287 1988 spicari
342 1938 487 1983 eum,
538 1923 624 1985 qui
673 1937 704 1970 e
755 1928 914 1986 gente
962 1920 1166 1971 Solonis
1215 1927 1372 1987 atque
1427 1923 1622 1974 Critiae
1659 1933 1805 1979 esset

99 1993 366 2053 oriundus,
418 2008 594 2060 parem
642 2004 762 2041 cunr
806 2008 996 2056 genere
1041 1994 1192 2043 animi
1239 1992 1562 2046 nobilitatem
1598 1997 1804 2057 habitu·

96 2081 225 2117 rum.
297 2064 370 2114 Et
416 2065 706 2115 affirmabat
748 2064 862 2128 ipae
911 2063 1101 2113 Critias
1138 2081 1252 2114 eum
1295 2081 1447 2131 quum
1482 2068 1595 2118 aliis
1631 2071 1805 2121 erudi-

97 2137 252 2187 tionis
290 2137 520 2201 partibus
557 2143 667 2185 tum
703 2137 880 2202 poesis
917 2135 1166 2187 facultate
1202 2151 1298 2203 pro
1335 2142 1509 2188 aetate
1556 2155 1649 2191 sua
1694 2159 1803 2193 ma-

98 2222 328 2275 gnopere
365 2204 622 2274 excellere
644 2203 716 2275 *).

239 2278 356 2329 Hoc
406 2280 565 2345 igitur
610 2279 861 2329 sermonis
922 2279 1182 2331 exordium
1242 2286 1354 2340 est
1411 2281 1463 2331 in
1513 2299 1614 2350 quo
1650 2302 1804 2351 quum

97 2350 248 2418 plura
294 2352 398 2401 sint
442 2367 573 2418 quae
618 2351 743 2400 viris
793 2351 959 2401 doctis
1010 2352 1279 2403 offensioni
1325 2351 1566 2419 fuerunt,
1614 2372 1805 2424 operae

96 2425 323 2491 pretium
358 2429 442 2473 est
478 2423 544 2473 de
582 2439 646 2473 eo
688 2423 944 2489 explicare
982 2424 1153 2490 paullo
1189 2424 1504 2491 diligentius.

244 2494 313 2545 Et
349 2495 567 2561 primum
603 2494 806 2562 quidem
841 2496 980 2547 iuvat
1016 2496 1081 2547 de
1117 2497 1281 2563 stirpe
1318 2497 1511 2548 Critiae
1549 2504 1605 2551 et
1641 2500 1805 2553 Char·

97 2566 247 2619 midi·
283 2582 564 2633 exponere.

239 2637 365 2689 Fuit
411 2639 570 2706 igitur
606 2637 937 2700 Charmides,
981 2638 1123 2689 cuius
1178 2639 1435 2706 ingenium
1467 2642 1650 2694 iisdem
1687 2644 1806 2698 fere

63 2708 385 2767 coloribus.
443 2711 625 2776 quibua
683 2710 868 2771 Plato,
925 2708 1154 2775 depinxit
1213 2711 1579 2780 Xenophon
1640 2717 1802 2772 Mem.

63 2807 65 2810 ·
98 2780 185 2836 111.
215 2782 297 2842 7..
334 2782 470 2832 filius
504 2782 810 2843 Glauconis,
860 2782 1053 2832 Critiae
1087 2786 1311 2847 tutoris,
1358 2786 1579 2838 hominis
1617 2791 1805 2841 eruditi

9 2887 11 2891 v
98 2861 158 2904 et
195 2855 436 2920 poeticae
472 2854 642 2904 studio
680 2853 840 2904 dediti
862 2851 979 2923 **),
1018 2856 1285 2919 patruelis.
1357 2857 1404 2907 A
1439 2866 1670 2910 materno
1707 2878 1799 2927 ge·

97 2941 224 2978 nere
274 2925 592 2994 Pyrilampes
640 2928 691 2979 ei
743 2931 856 2979 erat
889 2926 1181 2981 avunculus.
1215 2942 1263 2985 v,
1309 2928 1691 2984 Schneider
1738 2933 1804 2985 ad

212 3209 263 3265 ⁴)
292 3214 338 3254 r.
374 3215 453 3255 ιω
485 3233 544 3244 -
574 3213 673 3256 ιω.
702 3213 760 3259 n.

184 3295 256 3352 ⁸⁰)
285 3299 508 3339 Critiae
551 3300 727 3350 tyranni
768 3301 1031 3353 Fragment·
1074 3302 1141 3346 ed.
1181 3303 1236 3374 N:
1274 3301 1426 3342 Raab.
1460 3301 1577 3355 Lipa-
1610 3304 1736 3345 1827.
1762 3310 1817 3349 ⁸.'

268 3358 512 3465 {5¹:223
543 3357 1057 3458 312'l⁰.·:2·t.‘2:32¹¹:.
1069 3362 1142 3458 0¹2²
1146 3361 1234 3458 ’.ζ’
1240 3385 1252 3401 ·
1267 3360 1628 3459 ιεῗὲιῖἒέἳωὲἷ
1642 3363 1809 3468 :fitz

270 3481 362 3523 sqq.
393 3475 438 3514 et
466 3484 510 3525 p.
539 3473 621 3514 6ss
655 3482 764 3526 sqq„
797 3473 872 3516 ubi
901 3474 1036 3517 etlam
1070 3476 1124 3517 de
1156 3474 1247 3517 vite
1275 3475 1439 3516 critiae
1470 3478 1699 3529 exposuit-⁴
1796 3487 1802 3493 ”

1325 3556 1422 3611 ο*
