<?xml version="1.0" encoding="UTF-8"?>
<!DOCTYPE html PUBLIC "-//W3C//DTD XHTML 1.0 Transitional//EN"
    "http://www.w3.org/TR/xhtml1/DTD/xhtml1-transitional.dtd">
<html xmlns="http://www.w3.org/1999/xhtml" xml:lang="en" lang="en">
 <head>
  <title>
</title>
<meta http-equiv="Content-Type" content="text/html;charset=utf-8" />
  <meta name='ocr-system' content='tesseract 3.04.00' />
  <meta name='ocr-capabilities' content='ocr_page ocr_carea ocr_par ocr_line ocrx_word'/>
</head>
<body>
  <div class='ocr_page' id='page_1' title='image "./s1s2operaomniare05platuoft_0395.png"; bbox 0 0 2066 3666; ppageno 0'>
   <div class='ocr_carea' id='block_1_1' title="bbox 604 94 1766 151">
    <p class='ocr_par' dir='ltr' id='par_1_1' title="bbox 604 94 1766 151">
     <span class='ocr_line' id='line_1_1' title="bbox 604 94 1766 151; baseline 0.001 -1"><span class='ocrx_word' id='word_1_1' title='bbox 604 94 1234 150; x_wconf 75' lang='lat' dir='ltr'><strong>GRATYLUS.</strong></span> <span class='ocrx_word' id='word_1_2' title='bbox 1694 100 1766 151; x_wconf 73' lang='grc'><strong>17</strong></span> 
     </span>
    </p>
   </div>
   <div class='ocr_carea' id='block_1_2' title="bbox 0 238 1796 3456">
    <p class='ocr_par' dir='ltr' id='par_1_2' title="bbox 0 238 1796 3456">
     <span class='ocr_line' id='line_1_2' title="bbox 64 238 1750 309; baseline 0 -15"><span class='ocrx_word' id='word_1_3' title='bbox 64 238 268 294; x_wconf 76' lang='lat' dir='ltr'><strong>tandem</strong></span> <span class='ocrx_word' id='word_1_4' title='bbox 302 239 611 309; x_wconf 75' lang='lat' dir='ltr'><strong>Protagoras</strong></span> <span class='ocrx_word' id='word_1_5' title='bbox 644 242 758 308; x_wconf 84' lang='lat' dir='ltr'><strong>ipse</strong></span> <span class='ocrx_word' id='word_1_6' title='bbox 792 238 866 290; x_wconf 65' lang='lat' dir='ltr'><strong>dev</strong></span> <span class='ocrx_word' id='word_1_7' title='bbox 891 238 1144 289; x_wconf 85' lang='lat' dir='ltr'><strong>nominum</strong></span> <span class='ocrx_word' id='word_1_8' title='bbox 1187 243 1308 289; x_wconf 90' lang='lat' dir='ltr'><strong>ortu</strong></span> <span class='ocrx_word' id='word_1_9' title='bbox 1346 243 1634 305; x_wconf 73' lang='lat' dir='ltr'>censuerit,</span> <span class='ocrx_word' id='word_1_10' title='bbox 1670 243 1750 294; x_wconf 84' lang='lat' dir='ltr'><strong>fa-</strong></span> 
     </span>
     <span class='ocr_line' id='line_1_3' title="bbox 63 310 1796 379; baseline -0.002 -14"><span class='ocrx_word' id='word_1_11' title='bbox 63 320 183 365; x_wconf 85' lang='lat' dir='ltr'><strong>teor</strong></span> <span class='ocrx_word' id='word_1_12' title='bbox 227 329 326 363; x_wconf 88' lang='lat' dir='ltr'><strong>una</strong></span> <span class='ocrx_word' id='word_1_13' title='bbox 368 316 661 368; x_wconf 81' lang='lat' dir='ltr'><strong>coniectura</strong></span> <span class='ocrx_word' id='word_1_14' title='bbox 705 310 970 363; x_wconf 89' lang='lat' dir='ltr'><strong>nitendum</strong></span> <span class='ocrx_word' id='word_1_15' title='bbox 1011 325 1160 379; x_wconf 87' lang='lat' dir='ltr'><strong>esse,</strong></span> <span class='ocrx_word' id='word_1_16' title='bbox 1210 314 1269 360; x_wconf 92' lang='lat' dir='ltr'><strong>ut</strong></span> <span class='ocrx_word' id='word_1_17' title='bbox 1315 311 1380 361; x_wconf 92' lang='lat' dir='ltr'><strong>de</strong></span> <span class='ocrx_word' id='word_1_18' title='bbox 1427 314 1524 363; x_wconf 82' lang='lat' dir='ltr'><strong>hac</strong></span> <span class='ocrx_word' id='word_1_19' title='bbox 1557 332 1617 365; x_wconf 86' lang='lat' dir='ltr'><strong>re</strong></span> <span class='ocrx_word' id='word_1_20' title='bbox 1652 316 1751 365; x_wconf 88' lang='lat' dir='ltr'><strong>ali-</strong></span> <span class='ocrx_word' id='word_1_21' title='bbox 1780 345 1796 361; x_wconf 76' lang='grc'><strong>.</strong></span> 
     </span>
     <span class='ocr_line' id='line_1_4' title="bbox 61 381 1751 451; baseline 0.001 -16"><span class='ocrx_word' id='word_1_22' title='bbox 61 384 183 451; x_wconf 81' lang='lat' dir='ltr'><strong>quid</strong></span> <span class='ocrx_word' id='word_1_23' title='bbox 222 391 447 437; x_wconf 87' lang='lat' dir='ltr'><strong>eruatur.</strong></span> <span class='ocrx_word' id='word_1_24' title='bbox 515 384 697 450; x_wconf 80' lang='lat' dir='ltr'><strong>Neque</strong></span> <span class='ocrx_word' id='word_1_25' title='bbox 745 388 919 433; x_wconf 87' lang='lat' dir='ltr'><strong>tamen</strong></span> <span class='ocrx_word' id='word_1_26' title='bbox 955 394 1042 432; x_wconf 89' lang='lat' dir='ltr'><strong>res</strong></span> <span class='ocrx_word' id='word_1_27' title='bbox 1076 382 1148 431; x_wconf 90' lang='lat' dir='ltr'><strong>ita</strong></span> <span class='ocrx_word' id='word_1_28' title='bbox 1187 384 1269 431; x_wconf 85' lang='lat' dir='ltr'><strong>est</strong></span> <span class='ocrx_word' id='word_1_29' title='bbox 1304 381 1531 434; x_wconf 87' lang='lat' dir='ltr'><strong>difficilis</strong></span> <span class='ocrx_word' id='word_1_30' title='bbox 1567 391 1623 437; x_wconf 91' lang='lat' dir='ltr'><strong>et</strong></span> <span class='ocrx_word' id='word_1_31' title='bbox 1656 387 1751 436; x_wconf 87' lang='lat' dir='ltr'><strong>im-</strong></span> 
     </span>
     <span class='ocr_line' id='line_1_5' title="bbox 60 452 1752 523; baseline 0.001 -16"><span class='ocrx_word' id='word_1_32' title='bbox 60 457 269 523; x_wconf 89' lang='lat' dir='ltr'><strong>pedita,</strong></span> <span class='ocrx_word' id='word_1_33' title='bbox 323 462 381 506; x_wconf 92' lang='lat' dir='ltr'><strong>ut</strong></span> <span class='ocrx_word' id='word_1_34' title='bbox 425 471 637 522; x_wconf 85' lang='lat' dir='ltr'><strong>prorsus</strong></span> <span class='ocrx_word' id='word_1_35' title='bbox 694 454 747 503; x_wconf 90' lang='lat' dir='ltr'><strong>iu</strong></span> <span class='ocrx_word' id='word_1_36' title='bbox 791 453 1016 503; x_wconf 83' lang='lat' dir='ltr'><strong>tenebris</strong></span> <span class='ocrx_word' id='word_1_37' title='bbox 1066 452 1400 503; x_wconf 89' lang='lat' dir='ltr'><strong>oberraudum</strong></span> <span class='ocrx_word' id='word_1_38' title='bbox 1453 456 1536 505; x_wconf 83' lang='lat' dir='ltr'><strong>sit.</strong></span> <span class='ocrx_word' id='word_1_39' title='bbox 1622 456 1752 509; x_wconf 84' lang='lat' dir='ltr'><strong>Nam</strong></span> 
     </span>
     <span class='ocr_line' id='line_1_6' title="bbox 61 519 1753 596; baseline 0.001 -18"><span class='ocrx_word' id='word_1_40' title='bbox 61 529 283 596; x_wconf 85' lang='lat' dir='ltr'><strong>primum</strong></span> <span class='ocrx_word' id='word_1_41' title='bbox 330 527 534 593; x_wconf 88' lang='lat' dir='ltr'><strong>quidem</strong></span> <span class='ocrx_word' id='word_1_42' title='bbox 580 541 643 577; x_wconf 82' lang='lat' dir='ltr'><strong>ex</strong></span> <span class='ocrx_word' id='word_1_43' title='bbox 683 519 917 575; x_wconf 82' lang='lat' dir='ltr'><strong>universa</strong></span> <span class='ocrx_word' id='word_1_44' title='bbox 960 523 1055 573; x_wconf 86' lang='lat' dir='ltr'><strong>viri</strong></span> <span class='ocrx_word' id='word_1_45' title='bbox 1102 523 1331 574; x_wconf 90' lang='lat' dir='ltr'><strong>doctriua</strong></span> <span class='ocrx_word' id='word_1_46' title='bbox 1378 525 1498 591; x_wconf 89' lang='lat' dir='ltr'><strong>quid</strong></span> <span class='ocrx_word' id='word_1_47' title='bbox 1534 527 1600 576; x_wconf 90' lang='lat' dir='ltr'><strong>de</strong></span> <span class='ocrx_word' id='word_1_48' title='bbox 1636 535 1753 594; x_wconf 83' lang='lat' dir='ltr'><strong>ety-</strong></span> 
     </span>
     <span class='ocr_line' id='line_1_7' title="bbox 38 594 1754 665; baseline 0 -15"><span class='ocrx_word' id='word_1_49' title='bbox 38 600 288 665; x_wconf 18' lang='lat' dir='ltr'><strong>rmologia</strong></span> <span class='ocrx_word' id='word_1_50' title='bbox 324 600 561 660; x_wconf 79' lang='lat' dir='ltr'><strong>senserit,</strong></span> <span class='ocrx_word' id='word_1_51' title='bbox 596 596 932 663; x_wconf 81' lang='lat' dir='ltr'><strong>probabiliter</strong></span> <span class='ocrx_word' id='word_1_52' title='bbox 966 594 1212 659; x_wconf 82' lang='lat' dir='ltr'><strong>colligere</strong></span> <span class='ocrx_word' id='word_1_53' title='bbox 1245 595 1385 648; x_wconf 87' lang='lat' dir='ltr'><strong>licet.</strong></span> <span class='ocrx_word' id='word_1_54' title='bbox 1457 595 1653 648; x_wconf 85' lang='lat' dir='ltr'><strong>Deinde</strong></span> <span class='ocrx_word' id='word_1_55' title='bbox 1690 616 1754 650; x_wconf 76' lang='lat' dir='ltr'><strong>ex</strong></span> 
     </span>
     <span class='ocr_line' id='line_1_8' title="bbox 61 666 1758 737; baseline 0 -17"><span class='ocrx_word' id='word_1_56' title='bbox 61 671 180 737; x_wconf 82' lang='lat' dir='ltr'><strong>ipso</strong></span> <span class='ocrx_word' id='word_1_57' title='bbox 216 669 425 734; x_wconf 78' lang='lat' dir='ltr'><strong>cratylo</strong></span> <span class='ocrx_word' id='word_1_58' title='bbox 458 685 546 720; x_wconf 90' lang='lat' dir='ltr'><strong>res</strong></span> <span class='ocrx_word' id='word_1_59' title='bbox 580 668 868 719; x_wconf 86' lang='lat' dir='ltr'><strong>confirmari</strong></span> <span class='ocrx_word' id='word_1_60' title='bbox 911 671 966 717; x_wconf 92' lang='lat' dir='ltr'><strong>et</strong></span> <span class='ocrx_word' id='word_1_61' title='bbox 1000 666 1245 716; x_wconf 85' lang='lat' dir='ltr'><strong>illustrari</strong></span> <span class='ocrx_word' id='word_1_62' title='bbox 1279 671 1468 732; x_wconf 86' lang='lat' dir='ltr'><strong>potest.</strong></span> <span class='ocrx_word' id='word_1_63' title='bbox 1542 669 1758 731; x_wconf 85' lang='lat' dir='ltr'><strong>Constat</strong></span> 
     </span>
     <span class='ocr_line' id='line_1_9' title="bbox 31 738 1756 806; baseline 0.001 -15"><span class='ocrx_word' id='word_1_64' title='bbox 31 742 200 792; x_wconf 56' lang='lat' dir='ltr'><strong>*enim</strong></span> <span class='ocrx_word' id='word_1_65' title='bbox 233 740 532 791; x_wconf 85' lang='lat' dir='ltr'><strong>Abderitam</strong></span> <span class='ocrx_word' id='word_1_66' title='bbox 583 739 878 806; x_wconf 78' lang='lat' dir='ltr'><strong>probavisse</strong></span> <span class='ocrx_word' id='word_1_67' title='bbox 915 738 1218 788; x_wconf 88' lang='lat' dir='ltr'><strong>sententiam</strong></span> <span class='ocrx_word' id='word_1_68' title='bbox 1272 738 1334 788; x_wconf 90' lang='lat' dir='ltr'><strong>ab</strong></span> <span class='ocrx_word' id='word_1_69' title='bbox 1368 738 1635 794; x_wconf 77' lang='lat' dir='ltr'><strong>Heraclito</strong></span> <span class='ocrx_word' id='word_1_70' title='bbox 1671 758 1756 792; x_wconf 88' lang='lat' dir='ltr'><strong>ac-</strong></span> 
     </span>
     <span class='ocr_line' id='line_1_10' title="bbox 57 809 1753 879; baseline -0.001 -15"><span class='ocrx_word' id='word_1_71' title='bbox 57 816 294 879; x_wconf 83' lang='lat' dir='ltr'><strong>ceptam,</strong></span> <span class='ocrx_word' id='word_1_72' title='bbox 338 827 436 877; x_wconf 88' lang='lat' dir='ltr'><strong>qua</strong></span> <span class='ocrx_word' id='word_1_73' title='bbox 470 813 636 864; x_wconf 90' lang='lat' dir='ltr'><strong>omnia</strong></span> <span class='ocrx_word' id='word_1_74' title='bbox 671 814 927 876; x_wconf 89' lang='lat' dir='ltr'><strong>perpetuo</strong></span> <span class='ocrx_word' id='word_1_75' title='bbox 962 809 1168 859; x_wconf 87' lang='lat' dir='ltr'><strong>flumine</strong></span> <span class='ocrx_word' id='word_1_76' title='bbox 1200 810 1381 875; x_wconf 87' lang='lat' dir='ltr'><strong>agitari</strong></span> <span class='ocrx_word' id='word_1_77' title='bbox 1417 813 1753 875; x_wconf 82' lang='lat' dir='ltr'><strong>statuebatur,</strong></span> 
     </span>
     <span class='ocr_line' id='line_1_11' title="bbox 57 879 1753 948; baseline -0.001 -14"><span class='ocrx_word' id='word_1_78' title='bbox 57 899 177 934; x_wconf 83' lang='lat' dir='ltr'><strong>cum</strong></span> <span class='ocrx_word' id='word_1_79' title='bbox 222 898 385 948; x_wconf 88' lang='lat' dir='ltr'><strong>eaque</strong></span> <span class='ocrx_word' id='word_1_80' title='bbox 435 883 806 933; x_wconf 75' lang='lat' dir='ltr'><strong>consociavisse</strong></span> <span class='ocrx_word' id='word_1_81' title='bbox 838 881 1080 942; x_wconf 88' lang='lat' dir='ltr'><strong>alteram,</strong></span> <span class='ocrx_word' id='word_1_82' title='bbox 1131 895 1194 930; x_wconf 84' lang='lat' dir='ltr'><strong>ex</strong></span> <span class='ocrx_word' id='word_1_83' title='bbox 1241 897 1338 946; x_wconf 85' lang='lat' dir='ltr'><strong>qua</strong></span> <span class='ocrx_word' id='word_1_84' title='bbox 1372 879 1629 933; x_wconf 89' lang='lat' dir='ltr'><strong>hominem</strong></span> <span class='ocrx_word' id='word_1_85' title='bbox 1664 900 1753 934; x_wconf 80' lang='lat' dir='ltr'><strong>vo-</strong></span> 
     </span>
     <span class='ocr_line' id='line_1_12' title="bbox 56 952 1754 1022; baseline -0.001 -17"><span class='ocrx_word' id='word_1_86' title='bbox 56 955 203 1006; x_wconf 85' lang='lat' dir='ltr'><strong>lebat</strong></span> <span class='ocrx_word' id='word_1_87' title='bbox 265 970 381 1004; x_wconf 83' lang='lat' dir='ltr'><strong>esse</strong></span> <span class='ocrx_word' id='word_1_88' title='bbox 427 970 598 1004; x_wconf 87' lang='lat' dir='ltr'><strong>rerum</strong></span> <span class='ocrx_word' id='word_1_89' title='bbox 646 954 866 1002; x_wconf 88' lang='lat' dir='ltr'><strong>omnium</strong></span> <span class='ocrx_word' id='word_1_90' title='bbox 914 967 1212 1022; x_wconf 83' lang='lat' dir='ltr'><strong>mensuram.</strong></span> <span class='ocrx_word' id='word_1_91' title='bbox 1288 952 1454 1016; x_wconf 79' lang='lat' dir='ltr'><strong>Quum</strong></span> <span class='ocrx_word' id='word_1_92' title='bbox 1503 955 1660 1019; x_wconf 83' lang='lat' dir='ltr'><strong>igitur</strong></span> <span class='ocrx_word' id='word_1_93' title='bbox 1696 964 1754 1006; x_wconf 84' lang='lat' dir='ltr'><strong>et</strong></span> 
     </span>
     <span class='ocr_line' id='line_1_13' title="bbox 58 1023 1755 1077; baseline 0.001 -1"><span class='ocrx_word' id='word_1_94' title='bbox 58 1028 223 1077; x_wconf 83' lang='lat' dir='ltr'><strong>fluere</strong></span> <span class='ocrx_word' id='word_1_95' title='bbox 266 1027 433 1076; x_wconf 88' lang='lat' dir='ltr'><strong>omnia</strong></span> <span class='ocrx_word' id='word_1_96' title='bbox 482 1026 793 1076; x_wconf 82' lang='lat' dir='ltr'><strong>existimaret</strong></span> <span class='ocrx_word' id='word_1_97' title='bbox 840 1028 895 1073; x_wconf 90' lang='lat' dir='ltr'><strong>et</strong></span> <span class='ocrx_word' id='word_1_98' title='bbox 940 1039 1120 1074; x_wconf 89' lang='lat' dir='ltr'><strong>sensus</strong></span> <span class='ocrx_word' id='word_1_99' title='bbox 1165 1028 1372 1074; x_wconf 85' lang='lat' dir='ltr'><strong>nostros</strong></span> <span class='ocrx_word' id='word_1_100' title='bbox 1419 1023 1755 1077; x_wconf 80' lang='lat' dir='ltr'><strong>arbitraretur</strong></span> 
     </span>
     <span class='ocr_line' id='line_1_14' title="bbox 58 1094 1752 1158; baseline 0.001 -11"><span class='ocrx_word' id='word_1_101' title='bbox 58 1114 118 1148; x_wconf 81' lang='lat' dir='ltr'><strong>se</strong></span> <span class='ocrx_word' id='word_1_102' title='bbox 149 1097 213 1147; x_wconf 89' lang='lat' dir='ltr'><strong>ad</strong></span> <span class='ocrx_word' id='word_1_103' title='bbox 246 1097 377 1147; x_wconf 84' lang='lat' dir='ltr'><strong>hanc</strong></span> <span class='ocrx_word' id='word_1_104' title='bbox 409 1113 581 1147; x_wconf 88' lang='lat' dir='ltr'><strong>rerum</strong></span> <span class='ocrx_word' id='word_1_105' title='bbox 616 1097 945 1146; x_wconf 85' lang='lat' dir='ltr'><strong>mutationem</strong></span> <span class='ocrx_word' id='word_1_106' title='bbox 979 1096 1051 1145; x_wconf 89' lang='lat' dir='ltr'><strong>ita</strong></span> <span class='ocrx_word' id='word_1_107' title='bbox 1084 1094 1484 1158; x_wconf 84' lang='lat' dir='ltr'><strong>accommodare,</strong></span> <span class='ocrx_word' id='word_1_108' title='bbox 1521 1102 1578 1147; x_wconf 89' lang='lat' dir='ltr'><strong>ut</strong></span> <span class='ocrx_word' id='word_1_109' title='bbox 1613 1114 1752 1149; x_wconf 89' lang='lat' dir='ltr'><strong>sem-</strong></span> 
     </span>
     <span class='ocr_line' id='line_1_15' title="bbox 55 1166 1755 1235; baseline 0.001 -17"><span class='ocrx_word' id='word_1_110' title='bbox 55 1184 157 1235; x_wconf 90' lang='lat' dir='ltr'><strong>per</strong></span> <span class='ocrx_word' id='word_1_111' title='bbox 192 1174 244 1219; x_wconf 90' lang='lat' dir='ltr'><strong>et</strong></span> <span class='ocrx_word' id='word_1_112' title='bbox 279 1170 467 1234; x_wconf 81' lang='lat' dir='ltr'><strong>ubique</strong></span> <span class='ocrx_word' id='word_1_113' title='bbox 512 1185 629 1219; x_wconf 89' lang='lat' dir='ltr'><strong>cum</strong></span> <span class='ocrx_word' id='word_1_114' title='bbox 663 1168 769 1218; x_wconf 78' lang='lat' dir='ltr'><strong>iuis</strong></span> <span class='ocrx_word' id='word_1_115' title='bbox 806 1167 1154 1229; x_wconf 75' lang='lat' dir='ltr'><strong>convenirent,</strong></span> <span class='ocrx_word' id='word_1_116' title='bbox 1207 1166 1274 1217; x_wconf 89' lang='lat' dir='ltr'><strong>de</strong></span> <span class='ocrx_word' id='word_1_117' title='bbox 1318 1183 1418 1233; x_wconf 85' lang='lat' dir='ltr'><strong>quo</strong></span> <span class='ocrx_word' id='word_1_118' title='bbox 1455 1175 1755 1234; x_wconf 86' lang='lat' dir='ltr'><strong>argumento</strong></span> 
     </span>
     <span class='ocr_line' id='line_1_16' title="bbox 54 1238 1755 1307; baseline 0.002 -18"><span class='ocrx_word' id='word_1_119' title='bbox 54 1241 172 1290; x_wconf 74' lang='lat' dir='ltr'><strong>vide</strong></span> <span class='ocrx_word' id='word_1_120' title='bbox 205 1239 428 1291; x_wconf 86' lang='lat' dir='ltr'><strong>Theaet.</strong></span> <span class='ocrx_word' id='word_1_121' title='bbox 477 1257 530 1307; x_wconf 77' lang='lat' dir='ltr'><strong>p,</strong></span> <span class='ocrx_word' id='word_1_122' title='bbox 570 1238 690 1290; x_wconf 83' lang='lat'>151.</span> <span class='ocrx_word' id='word_1_123' title='bbox 725 1239 788 1292; x_wconf 78' lang='lat' dir='ltr'><strong>E.</strong></span> <span class='ocrx_word' id='word_1_124' title='bbox 822 1267 895 1276; x_wconf 92' lang='lat'>—</span> <span class='ocrx_word' id='word_1_125' title='bbox 933 1239 1053 1292; x_wconf 81' lang='lat'><strong>160.</strong></span> <span class='ocrx_word' id='word_1_126' title='bbox 1087 1238 1184 1301; x_wconf 65' lang='lat'><strong>1⁴3„</strong></span> <span class='ocrx_word' id='word_1_127' title='bbox 1227 1238 1342 1289; x_wconf 85' lang='lat' dir='ltr'><strong>fieri</strong></span> <span class='ocrx_word' id='word_1_128' title='bbox 1377 1240 1616 1304; x_wconf 84' lang='lat' dir='ltr'><strong>profecto</strong></span> <span class='ocrx_word' id='word_1_129' title='bbox 1652 1257 1755 1293; x_wconf 87' lang='lat' dir='ltr'><strong>non</strong></span> 
     </span>
     <span class='ocr_line' id='line_1_17' title="bbox 55 1309 1754 1379; baseline 0.001 -17"><span class='ocrx_word' id='word_1_130' title='bbox 55 1312 261 1379; x_wconf 87' lang='lat' dir='ltr'><strong>potuit,</strong></span> <span class='ocrx_word' id='word_1_131' title='bbox 306 1313 427 1379; x_wconf 86' lang='lat' dir='ltr'><strong>quin</strong></span> <span class='ocrx_word' id='word_1_132' title='bbox 475 1313 630 1363; x_wconf 89' lang='lat' dir='ltr'><strong>etiam</strong></span> <span class='ocrx_word' id='word_1_133' title='bbox 679 1311 879 1361; x_wconf 89' lang='lat' dir='ltr'><strong>nomina</strong></span> <span class='ocrx_word' id='word_1_134' title='bbox 924 1325 1096 1360; x_wconf 86' lang='lat' dir='ltr'><strong>rerum</strong></span> <span class='ocrx_word' id='word_1_135' title='bbox 1143 1309 1266 1361; x_wconf 85' lang='lat' dir='ltr'><strong>talia</strong></span> <span class='ocrx_word' id='word_1_136' title='bbox 1321 1311 1568 1362; x_wconf 87' lang='lat' dir='ltr'><strong>iudicaret</strong></span> <span class='ocrx_word' id='word_1_137' title='bbox 1617 1329 1754 1376; x_wconf 83' lang='lat' dir='ltr'><strong>esse,</strong></span> 
     </span>
     <span class='ocr_line' id='line_1_18' title="bbox 56 1381 1751 1451; baseline 0.001 -17"><span class='ocrx_word' id='word_1_138' title='bbox 56 1384 226 1450; x_wconf 88' lang='lat' dir='ltr'><strong>qualia</strong></span> <span class='ocrx_word' id='word_1_139' title='bbox 259 1399 291 1433; x_wconf 89' lang='lat' dir='ltr'><strong>a</strong></span> <span class='ocrx_word' id='word_1_140' title='bbox 325 1398 527 1451; x_wconf 83' lang='lat' dir='ltr'><strong>quoque</strong></span> <span class='ocrx_word' id='word_1_141' title='bbox 566 1385 719 1433; x_wconf 74' lang='lat' dir='ltr'><strong>sensu</strong></span> <span class='ocrx_word' id='word_1_142' title='bbox 754 1388 811 1433; x_wconf 93' lang='lat' dir='ltr'><strong>et</strong></span> <span class='ocrx_word' id='word_1_143' title='bbox 844 1381 1184 1448; x_wconf 81' lang='lat' dir='ltr'><strong>intelligentia</strong></span> <span class='ocrx_word' id='word_1_144' title='bbox 1202 1383 1612 1448; x_wconf 83' lang='lat' dir='ltr'><strong>perciperentur,</strong></span> <span class='ocrx_word' id='word_1_145' title='bbox 1650 1386 1751 1436; x_wconf 86' lang='lat' dir='ltr'><strong>hoc</strong></span> 
     </span>
     <span class='ocr_line' id='line_1_19' title="bbox 59 1453 1752 1521; baseline 0 -15"><span class='ocrx_word' id='word_1_146' title='bbox 59 1461 145 1507; x_wconf 83' lang='lat' dir='ltr'><strong>est</strong></span> <span class='ocrx_word' id='word_1_147' title='bbox 180 1456 444 1508; x_wconf 86' lang='lat' dir='ltr'><strong>naturalia.</strong></span> <span class='ocrx_word' id='word_1_148' title='bbox 514 1456 685 1521; x_wconf 83' lang='lat' dir='ltr'><strong>Atque</strong></span> <span class='ocrx_word' id='word_1_149' title='bbox 730 1453 832 1504; x_wconf 86' lang='lat' dir='ltr'><strong>hoc</strong></span> <span class='ocrx_word' id='word_1_150' title='bbox 874 1453 948 1513; x_wconf 80' lang='lat' dir='ltr'><strong>lta</strong></span> <span class='ocrx_word' id='word_1_151' title='bbox 982 1469 1012 1503; x_wconf 87' lang='lat' dir='ltr'><strong>a</strong></span> <span class='ocrx_word' id='word_1_152' title='bbox 1045 1453 1192 1504; x_wconf 77' lang='lat' dir='ltr'><strong>nabis</strong></span> <span class='ocrx_word' id='word_1_153' title='bbox 1236 1461 1379 1504; x_wconf 85' lang='lat' dir='ltr'><strong>recte</strong></span> <span class='ocrx_word' id='word_1_154' title='bbox 1416 1456 1597 1505; x_wconf 86' lang='lat' dir='ltr'><strong>coniici</strong></span> <span class='ocrx_word' id='word_1_155' title='bbox 1631 1457 1752 1521; x_wconf 87' lang='lat' dir='ltr'><strong>plu-</strong></span> 
     </span>
     <span class='ocr_line' id='line_1_20' title="bbox 0 1525 1750 1593; baseline 0.001 -15"><span class='ocrx_word' id='word_1_156' title='bbox 0 1526 13 1553; x_wconf 78' lang='grc'><strong>”</strong></span> <span class='ocrx_word' id='word_1_157' title='bbox 56 1542 144 1578; x_wconf 89' lang='lat' dir='ltr'><strong>res</strong></span> <span class='ocrx_word' id='word_1_158' title='bbox 191 1526 389 1592; x_wconf 81' lang='lat' dir='ltr'><strong>cratyli</strong></span> <span class='ocrx_word' id='word_1_159' title='bbox 431 1525 536 1577; x_wconf 89' lang='lat' dir='ltr'><strong>loci</strong></span> <span class='ocrx_word' id='word_1_160' title='bbox 582 1541 684 1577; x_wconf 89' lang='lat' dir='ltr'><strong>non</strong></span> <span class='ocrx_word' id='word_1_161' title='bbox 736 1526 953 1576; x_wconf 86' lang='lat' dir='ltr'><strong>obscure</strong></span> <span class='ocrx_word' id='word_1_162' title='bbox 1002 1529 1279 1576; x_wconf 80' lang='lat' dir='ltr'><strong>testantur.</strong></span> <span class='ocrx_word' id='word_1_163' title='bbox 1350 1525 1477 1576; x_wconf 86' lang='lat' dir='ltr'><strong>Nam</strong></span> <span class='ocrx_word' id='word_1_164' title='bbox 1530 1529 1750 1593; x_wconf 91' lang='lat' dir='ltr'><strong>primum</strong></span> 
     </span>
     <span class='ocr_line' id='line_1_21' title="bbox 55 1594 1751 1665; baseline 0.001 -17"><span class='ocrx_word' id='word_1_165' title='bbox 55 1597 264 1665; x_wconf 82' lang='lat' dir='ltr'><strong>quidem</strong></span> <span class='ocrx_word' id='word_1_166' title='bbox 309 1600 383 1647; x_wconf 87' lang='lat' dir='ltr'><strong>ita</strong></span> <span class='ocrx_word' id='word_1_167' title='bbox 419 1594 769 1664; x_wconf 82' lang='lat' dir='ltr'><strong>perspicitur,</strong></span> <span class='ocrx_word' id='word_1_168' title='bbox 822 1611 915 1645; x_wconf 88' lang='lat' dir='ltr'><strong>cur</strong></span> <span class='ocrx_word' id='word_1_169' title='bbox 964 1594 1346 1661; x_wconf 78' lang='lat' dir='ltr'><strong>HermogeneS,</strong></span> <span class='ocrx_word' id='word_1_170' title='bbox 1408 1599 1495 1663; x_wconf 88' lang='lat' dir='ltr'><strong>qui</strong></span> <span class='ocrx_word' id='word_1_171' title='bbox 1550 1602 1751 1650; x_wconf 82' lang='lat' dir='ltr'><strong>nomina</strong></span> 
     </span>
     <span class='ocr_line' id='line_1_22' title="bbox 55 1667 1751 1735; baseline 0 -14"><span class='ocrx_word' id='word_1_172' title='bbox 55 1670 223 1722; x_wconf 85' lang='lat' dir='ltr'><strong>omnia</strong></span> <span class='ocrx_word' id='word_1_173' title='bbox 253 1667 458 1719; x_wconf 80' lang='lat' dir='ltr'><strong>volebat</strong></span> <span class='ocrx_word' id='word_1_174' title='bbox 489 1683 588 1719; x_wconf 89' lang='lat' dir='ltr'><strong>usu</strong></span> <span class='ocrx_word' id='word_1_175' title='bbox 623 1673 678 1718; x_wconf 88' lang='lat' dir='ltr'><strong>et</strong></span> <span class='ocrx_word' id='word_1_176' title='bbox 712 1667 951 1735; x_wconf 85' lang='lat' dir='ltr'><strong>pactione</strong></span> <span class='ocrx_word' id='word_1_177' title='bbox 972 1671 1118 1728; x_wconf 88' lang='lat' dir='ltr'><strong>nata,</strong></span> <span class='ocrx_word' id='word_1_178' title='bbox 1152 1669 1446 1718; x_wconf 72' lang='lat' dir='ltr'><strong>tanto&#39;cum</strong></span> <span class='ocrx_word' id='word_1_179' title='bbox 1487 1675 1751 1722; x_wconf 88' lang='lat' dir='ltr'><strong>contemtu</strong></span> 
     </span>
     <span class='ocr_line' id='line_1_23' title="bbox 54 1736 1752 1808; baseline 0 -15"><span class='ocrx_word' id='word_1_180' title='bbox 54 1739 125 1793; x_wconf 84' lang='lat' dir='ltr'><strong>de</strong></span> <span class='ocrx_word' id='word_1_181' title='bbox 169 1740 485 1807; x_wconf 78' lang='lat' dir='ltr'><strong>Protagorae</strong></span> <span class='ocrx_word' id='word_1_182' title='bbox 517 1739 835 1793; x_wconf 87' lang='lat' dir='ltr'><strong>Veritate</strong></span> <span class='ocrx_word' id='word_1_183' title='bbox 880 1737 1131 1803; x_wconf 86' lang='lat' dir='ltr'><strong>loquatur.</strong></span> <span class='ocrx_word' id='word_1_184' title='bbox 1203 1736 1260 1789; x_wconf 89' lang='lat' dir='ltr'><strong>In</strong></span> <span class='ocrx_word' id='word_1_185' title='bbox 1297 1754 1394 1805; x_wconf 90' lang='lat' dir='ltr'><strong>qua</strong></span> <span class='ocrx_word' id='word_1_186' title='bbox 1434 1740 1481 1790; x_wconf 91' lang='lat' dir='ltr'><strong>si</strong></span> <span class='ocrx_word' id='word_1_187' title='bbox 1518 1742 1752 1808; x_wconf 84' lang='lat' dir='ltr'><strong>sophista</strong></span> 
     </span>
     <span class='ocr_line' id='line_1_24' title="bbox 54 1807 1751 1876; baseline 0.001 -12"><span class='ocrx_word' id='word_1_188' title='bbox 54 1813 371 1864; x_wconf 78' lang='lat' dir='ltr'><strong>arbitrariam</strong></span> <span class='ocrx_word' id='word_1_189' title='bbox 404 1811 762 1862; x_wconf 73' lang='lat' dir='ltr'><strong>vocabulorum</strong></span> <span class='ocrx_word' id='word_1_190' title='bbox 798 1809 1044 1876; x_wconf 78' lang='lat' dir='ltr'><strong>originem</strong></span> <span class='ocrx_word' id='word_1_191' title='bbox 1080 1807 1432 1872; x_wconf 84' lang='lat' dir='ltr'><strong>defendisset,</strong></span> <span class='ocrx_word' id='word_1_192' title='bbox 1467 1813 1751 1866; x_wconf 88' lang='lat' dir='ltr'><strong>interlocu-</strong></span> 
     </span>
     <span class='ocr_line' id='line_1_25' title="bbox 56 1880 1748 1946; baseline 0.002 -11"><span class='ocrx_word' id='word_1_193' title='bbox 56 1892 143 1936; x_wconf 83' lang='lat' dir='ltr'><strong>tor</strong></span> <span class='ocrx_word' id='word_1_194' title='bbox 192 1883 326 1934; x_wconf 86' lang='lat' dir='ltr'><strong>haud</strong></span> <span class='ocrx_word' id='word_1_195' title='bbox 386 1883 540 1934; x_wconf 92' lang='lat' dir='ltr'><strong>dubie</strong></span> <span class='ocrx_word' id='word_1_196' title='bbox 584 1883 652 1932; x_wconf 93' lang='lat' dir='ltr'><strong>de</strong></span> <span class='ocrx_word' id='word_1_197' title='bbox 697 1881 789 1932; x_wconf 87' lang='lat' dir='ltr'><strong>illo</strong></span> <span class='ocrx_word' id='word_1_198' title='bbox 848 1896 1012 1946; x_wconf 88' lang='lat' dir='ltr'><strong>opere</strong></span> <span class='ocrx_word' id='word_1_199' title='bbox 1057 1880 1210 1932; x_wconf 86' lang='lat' dir='ltr'><strong>aliter</strong></span> <span class='ocrx_word' id='word_1_200' title='bbox 1252 1882 1355 1933; x_wconf 89' lang='lat' dir='ltr'><strong>fuit</strong></span> <span class='ocrx_word' id='word_1_201' title='bbox 1416 1883 1748 1939; x_wconf 77' lang='lat' dir='ltr'><strong>iudicaturus.</strong></span> 
     </span>
     <span class='ocr_line' id='line_1_26' title="bbox 56 1951 1748 2024; baseline 0.002 -17"><span class='ocrx_word' id='word_1_202' title='bbox 56 1955 256 2007; x_wconf 78' lang='lat' dir='ltr'><strong>Deinde</strong></span> <span class='ocrx_word' id='word_1_203' title='bbox 303 1970 367 2007; x_wconf 84' lang='lat' dir='ltr'><strong>ex</strong></span> <span class='ocrx_word' id='word_1_204' title='bbox 414 1955 511 2005; x_wconf 86' lang='lat' dir='ltr'><strong>hac</strong></span> <span class='ocrx_word' id='word_1_205' title='bbox 557 1955 670 2021; x_wconf 87' lang='lat' dir='ltr'><strong>ipsa</strong></span> <span class='ocrx_word' id='word_1_206' title='bbox 715 1968 777 2003; x_wconf 90' lang='lat' dir='ltr'><strong>re</strong></span> <span class='ocrx_word' id='word_1_207' title='bbox 823 1953 976 2003; x_wconf 89' lang='lat' dir='ltr'><strong>etiam</strong></span> <span class='ocrx_word' id='word_1_208' title='bbox 1020 1951 1148 2002; x_wconf 89' lang='lat' dir='ltr'><strong>illud</strong></span> <span class='ocrx_word' id='word_1_209' title='bbox 1183 1953 1376 2005; x_wconf 87' lang='lat' dir='ltr'><strong>clarum</strong></span> <span class='ocrx_word' id='word_1_210' title='bbox 1410 1960 1495 2006; x_wconf 88' lang='lat' dir='ltr'><strong>est</strong></span> <span class='ocrx_word' id='word_1_211' title='bbox 1530 1963 1586 2008; x_wconf 91' lang='lat' dir='ltr'><strong>et</strong></span> <span class='ocrx_word' id='word_1_212' title='bbox 1625 1975 1748 2024; x_wconf 86' lang='lat' dir='ltr'><strong>per·-</strong></span> 
     </span>
     <span class='ocr_line' id='line_1_27' title="bbox 56 2023 1750 2095; baseline 0.001 -15"><span class='ocrx_word' id='word_1_213' title='bbox 56 2029 324 2095; x_wconf 79' lang='lat' dir='ltr'><strong>apicuum,</strong></span> <span class='ocrx_word' id='word_1_214' title='bbox 373 2042 465 2077; x_wconf 90' lang='lat' dir='ltr'><strong>cur</strong></span> <span class='ocrx_word' id='word_1_215' title='bbox 500 2043 551 2093; x_wconf 88' lang='lat' dir='ltr'><strong>p.</strong></span> <span class='ocrx_word' id='word_1_216' title='bbox 587 2024 710 2076; x_wconf 72' lang='lat'><strong>391.</strong></span> <span class='ocrx_word' id='word_1_217' title='bbox 746 2025 811 2078; x_wconf 84' lang='lat' dir='ltr'><strong>A.</strong></span> <span class='ocrx_word' id='word_1_218' title='bbox 852 2023 1207 2089; x_wconf 85' lang='lat' dir='ltr'><strong>Hermogenes</strong></span> <span class='ocrx_word' id='word_1_219' title='bbox 1243 2041 1274 2076; x_wconf 93' lang='lat' dir='ltr'><strong>a</strong></span> <span class='ocrx_word' id='word_1_220' title='bbox 1309 2025 1527 2078; x_wconf 86' lang='lat' dir='ltr'><strong>Socrate</strong></span> <span class='ocrx_word' id='word_1_221' title='bbox 1568 2030 1750 2082; x_wconf 90' lang='lat' dir='ltr'><strong>iubea-</strong></span> 
     </span>
     <span class='ocr_line' id='line_1_28' title="bbox 55 2095 1749 2166; baseline 0.001 -14"><span class='ocrx_word' id='word_1_222' title='bbox 55 2106 145 2152; x_wconf 82' lang='lat' dir='ltr'><strong>tur</strong></span> <span class='ocrx_word' id='word_1_223' title='bbox 181 2099 392 2151; x_wconf 81' lang='lat' dir='ltr'><strong>Calliam</strong></span> <span class='ocrx_word' id='word_1_224' title='bbox 424 2098 640 2148; x_wconf 73' lang='lat' dir='ltr'><strong>fratrem</strong></span> <span class='ocrx_word' id='word_1_225' title='bbox 675 2095 846 2157; x_wconf 90' lang='lat' dir='ltr'><strong>adire,</strong></span> <span class='ocrx_word' id='word_1_226' title='bbox 897 2100 957 2145; x_wconf 89' lang='lat' dir='ltr'><strong>ut</strong></span> <span class='ocrx_word' id='word_1_227' title='bbox 1009 2095 1285 2147; x_wconf 87' lang='lat' dir='ltr'><strong>secuudum</strong></span> <span class='ocrx_word' id='word_1_228' title='bbox 1320 2096 1632 2166; x_wconf 81' lang='lat' dir='ltr'><strong>Protagorae</strong></span> <span class='ocrx_word' id='word_1_229' title='bbox 1666 2119 1749 2154; x_wconf 90' lang='lat' dir='ltr'><strong>ra-</strong></span> 
     </span>
     <span class='ocr_line' id='line_1_29' title="bbox 54 2166 1754 2234; baseline 0.002 -10"><span class='ocrx_word' id='word_1_230' title='bbox 54 2173 247 2224; x_wconf 72' lang='lat' dir='ltr'><strong>tionem</strong></span> <span class='ocrx_word' id='word_1_231' title='bbox 285 2170 350 2220; x_wconf 88' lang='lat' dir='ltr'><strong>de</strong></span> <span class='ocrx_word' id='word_1_232' title='bbox 371 2168 589 2221; x_wconf 87' lang='lat' dir='ltr'><strong>naturali</strong></span> <span class='ocrx_word' id='word_1_233' title='bbox 608 2166 964 2219; x_wconf 77' lang='lat' dir='ltr'><strong>vocabulorum</strong></span> <span class='ocrx_word' id='word_1_234' title='bbox 986 2167 1181 2234; x_wconf 89' lang='lat' dir='ltr'><strong>origine</strong></span> <span class='ocrx_word' id='word_1_235' title='bbox 1206 2166 1495 2221; x_wconf 88' lang='lat' dir='ltr'><strong>edoceatur.</strong></span> <span class='ocrx_word' id='word_1_236' title='bbox 1567 2172 1754 2227; x_wconf 82' lang='lat' dir='ltr'><strong>Enim-</strong></span> 
     </span>
     <span class='ocr_line' id='line_1_30' title="bbox 56 2238 1750 2306; baseline 0.002 -12"><span class='ocrx_word' id='word_1_237' title='bbox 56 2259 181 2294; x_wconf 77' lang='lat' dir='ltr'><strong>vero</strong></span> <span class='ocrx_word' id='word_1_238' title='bbox 229 2242 441 2293; x_wconf 85' lang='lat' dir='ltr'><strong>Calliam</strong></span> <span class='ocrx_word' id='word_1_239' title='bbox 485 2245 685 2292; x_wconf 90' lang='lat' dir='ltr'><strong>constat</strong></span> <span class='ocrx_word' id='word_1_240' title='bbox 730 2256 882 2306; x_wconf 89' lang='lat' dir='ltr'><strong>quum</strong></span> <span class='ocrx_word' id='word_1_241' title='bbox 926 2238 1037 2298; x_wconf 88' lang='lat' dir='ltr'><strong>aliis</strong></span> <span class='ocrx_word' id='word_1_242' title='bbox 1084 2239 1331 2306; x_wconf 87' lang='lat' dir='ltr'><strong>sophistis</strong></span> <span class='ocrx_word' id='word_1_243' title='bbox 1378 2246 1487 2294; x_wconf 89' lang='lat' dir='ltr'><strong>tum</strong></span> <span class='ocrx_word' id='word_1_244' title='bbox 1534 2246 1750 2298; x_wconf 83' lang='lat' dir='ltr'><strong>maxime</strong></span> 
     </span>
     <span class='ocr_line' id='line_1_31' title="bbox 54 2310 1749 2380; baseline 0.001 -13"><span class='ocrx_word' id='word_1_245' title='bbox 54 2314 372 2380; x_wconf 81' lang='lat' dir='ltr'><strong>Protagorae</strong></span> <span class='ocrx_word' id='word_1_246' title='bbox 407 2312 573 2371; x_wconf 76' lang='lat' dir='ltr'><strong>fuisse</strong></span> <span class='ocrx_word' id='word_1_247' title='bbox 605 2311 871 2371; x_wconf 81' lang='lat' dir='ltr'><strong>deditum3</strong></span> <span class='ocrx_word' id='word_1_248' title='bbox 907 2310 973 2361; x_wconf 92' lang='lat' dir='ltr'><strong>de</strong></span> <span class='ocrx_word' id='word_1_249' title='bbox 1009 2327 1106 2377; x_wconf 91' lang='lat' dir='ltr'><strong>qua</strong></span> <span class='ocrx_word' id='word_1_250' title='bbox 1140 2329 1198 2362; x_wconf 90' lang='lat' dir='ltr'><strong>re</strong></span> <span class='ocrx_word' id='word_1_251' title='bbox 1231 2313 1479 2380; x_wconf 81' lang='lat' dir='ltr'><strong>legendus</strong></span> <span class='ocrx_word' id='word_1_252' title='bbox 1514 2320 1596 2366; x_wconf 83' lang='lat' dir='ltr'><strong>est</strong></span> <span class='ocrx_word' id='word_1_253' title='bbox 1619 2317 1749 2369; x_wconf 88' lang='lat' dir='ltr'><strong>Pro-</strong></span> 
     </span>
     <span class='ocr_line' id='line_1_32' title="bbox 58 2383 1749 2454; baseline 0.002 -16"><span class='ocrx_word' id='word_1_254' title='bbox 58 2393 227 2452; x_wconf 61' lang='lat' dir='ltr'><strong>nagor.</strong></span> <span class='ocrx_word' id='word_1_255' title='bbox 265 2403 314 2454; x_wconf 88' lang='lat' dir='ltr'><strong>p.</strong></span> <span class='ocrx_word' id='word_1_256' title='bbox 350 2386 475 2439; x_wconf 76' lang='lat'>311.</span> <span class='ocrx_word' id='word_1_257' title='bbox 507 2386 570 2436; x_wconf 82' lang='lat' dir='ltr'><strong>A.</strong></span> <span class='ocrx_word' id='word_1_258' title='bbox 642 2383 791 2450; x_wconf 78' lang='lat' dir='ltr'><strong>Quod</strong></span> <span class='ocrx_word' id='word_1_259' title='bbox 831 2386 1003 2434; x_wconf 89' lang='lat' dir='ltr'><strong>autem</strong></span> <span class='ocrx_word' id='word_1_260' title='bbox 1049 2383 1115 2433; x_wconf 90' lang='lat' dir='ltr'><strong>de</strong></span> <span class='ocrx_word' id='word_1_261' title='bbox 1161 2383 1427 2437; x_wconf 86' lang='lat' dir='ltr'><strong>dialectica</strong></span> <span class='ocrx_word' id='word_1_262' title='bbox 1467 2387 1749 2441; x_wconf 80' lang='lat' dir='ltr'><strong>Abderitae</strong></span> 
     </span>
     <span class='ocr_line' id='line_1_33' title="bbox 63 2455 1748 2522; baseline 0.003 -14"><span class='ocrx_word' id='word_1_263' title='bbox 63 2458 259 2514; x_wconf 69' lang='lat' dir='ltr'><strong>factum</strong></span> <span class='ocrx_word' id='word_1_264' title='bbox 294 2472 411 2508; x_wconf 81' lang='lat' dir='ltr'><strong>ease</strong></span> <span class='ocrx_word' id='word_1_265' title='bbox 444 2457 701 2519; x_wconf 83' lang='lat' dir='ltr'><strong>novimus,</strong></span> <span class='ocrx_word' id='word_1_266' title='bbox 755 2459 813 2505; x_wconf 89' lang='lat' dir='ltr'><strong>ut</strong></span> <span class='ocrx_word' id='word_1_267' title='bbox 850 2456 958 2506; x_wconf 88' lang='lat' dir='ltr'><strong>eius</strong></span> <span class='ocrx_word' id='word_1_268' title='bbox 995 2455 1232 2522; x_wconf 88' lang='lat' dir='ltr'><strong>discipuli</strong></span> <span class='ocrx_word' id='word_1_269' title='bbox 1269 2473 1379 2508; x_wconf 92' lang='lat' dir='ltr'><strong>eam</strong></span> <span class='ocrx_word' id='word_1_270' title='bbox 1415 2459 1748 2514; x_wconf 84' lang='lat' dir='ltr'><strong>immoderate</strong></span> 
     </span>
     <span class='ocr_line' id='line_1_34' title="bbox 20 2528 1747 2596; baseline 0.003 -17"><span class='ocrx_word' id='word_1_271' title='bbox 20 2543 25 2546; x_wconf 84' lang='lat'>·</span> <span class='ocrx_word' id='word_1_272' title='bbox 66 2534 374 2596; x_wconf 83' lang='lat' dir='ltr'><strong>usurparent</strong></span> <span class='ocrx_word' id='word_1_273' title='bbox 408 2534 464 2579; x_wconf 87' lang='lat' dir='ltr'><strong>et</strong></span> <span class='ocrx_word' id='word_1_274' title='bbox 498 2528 561 2580; x_wconf 91' lang='lat' dir='ltr'><strong>ad</strong></span> <span class='ocrx_word' id='word_1_275' title='bbox 598 2528 759 2580; x_wconf 88' lang='lat' dir='ltr'><strong>omnis</strong></span> <span class='ocrx_word' id='word_1_276' title='bbox 796 2528 996 2594; x_wconf 88' lang='lat' dir='ltr'><strong>generis</strong></span> <span class='ocrx_word' id='word_1_277' title='bbox 1033 2528 1187 2579; x_wconf 88' lang='lat' dir='ltr'><strong>tricas</strong></span> <span class='ocrx_word' id='word_1_278' title='bbox 1224 2534 1280 2579; x_wconf 91' lang='lat' dir='ltr'><strong>et</strong></span> <span class='ocrx_word' id='word_1_279' title='bbox 1314 2532 1537 2596; x_wconf 82' lang='lat' dir='ltr'><strong>argutias</strong></span> <span class='ocrx_word' id='word_1_280' title='bbox 1572 2534 1747 2584; x_wconf 89' lang='lat' dir='ltr'><strong>tradu-</strong></span> 
     </span>
     <span class='ocr_line' id='line_1_35' title="bbox 66 2599 1746 2671; baseline 0.003 -20"><span class='ocrx_word' id='word_1_281' title='bbox 66 2608 266 2661; x_wconf 86' lang='lat' dir='ltr'><strong>cerent,</strong></span> <span class='ocrx_word' id='word_1_282' title='bbox 302 2600 367 2650; x_wconf 90' lang='lat' dir='ltr'><strong>de</strong></span> <span class='ocrx_word' id='word_1_283' title='bbox 389 2617 486 2665; x_wconf 83' lang='lat' dir='ltr'><strong>qua</strong></span> <span class='ocrx_word' id='word_1_284' title='bbox 503 2617 561 2652; x_wconf 90' lang='lat' dir='ltr'><strong>re</strong></span> <span class='ocrx_word' id='word_1_285' title='bbox 596 2600 648 2652; x_wconf 88' lang='lat' dir='ltr'><strong>in</strong></span> <span class='ocrx_word' id='word_1_286' title='bbox 672 2599 1053 2666; x_wconf 82' lang='lat' dir='ltr'><strong>Prolegomeuis</strong></span> <span class='ocrx_word' id='word_1_287' title='bbox 1089 2599 1152 2649; x_wconf 89' lang='lat' dir='ltr'><strong>ad</strong></span> <span class='ocrx_word' id='word_1_288' title='bbox 1172 2599 1546 2668; x_wconf 77' lang='lat' dir='ltr'><strong>Euthydemum</strong></span> <span class='ocrx_word' id='word_1_289' title='bbox 1582 2607 1746 2671; x_wconf 83' lang='lat' dir='ltr'><strong>expli-</strong></span> 
     </span>
     <span class='ocr_line' id='line_1_36' title="bbox 66 2671 1749 2743; baseline 0.002 -19"><span class='ocrx_word' id='word_1_290' title='bbox 66 2673 323 2734; x_wconf 78' lang='lat' dir='ltr'><strong>cabimua3</strong></span> <span class='ocrx_word' id='word_1_291' title='bbox 366 2672 500 2722; x_wconf 86' lang='lat' dir='ltr'><strong>idem</strong></span> <span class='ocrx_word' id='word_1_292' title='bbox 546 2673 699 2723; x_wconf 88' lang='lat' dir='ltr'><strong>etiam</strong></span> <span class='ocrx_word' id='word_1_293' title='bbox 746 2671 1085 2739; x_wconf 81' lang='lat' dir='ltr'><strong>etymologiae</strong></span> <span class='ocrx_word' id='word_1_294' title='bbox 1131 2674 1418 2739; x_wconf 89' lang='lat' dir='ltr'><strong>principiis,</strong></span> <span class='ocrx_word' id='word_1_295' title='bbox 1466 2691 1595 2741; x_wconf 84' lang='lat' dir='ltr'><strong>quae</strong></span> <span class='ocrx_word' id='word_1_296' title='bbox 1645 2694 1749 2743; x_wconf 90' lang='lat' dir='ltr'><strong>po-</strong></span> 
     </span>
     <span class='ocr_line' id='line_1_37' title="bbox 5 2743 1751 2815; baseline 0.002 -19"><span class='ocrx_word' id='word_1_297' title='bbox 5 2749 10 2756; x_wconf 84' lang='grc'><em>’</em></span> <span class='ocrx_word' id='word_1_298' title='bbox 66 2750 272 2805; x_wconf 75' lang='lat' dir='ltr'><strong>suerat,</strong></span> <span class='ocrx_word' id='word_1_299' title='bbox 319 2748 515 2805; x_wconf 73' lang='lat' dir='ltr'><strong>eveult,</strong></span> <span class='ocrx_word' id='word_1_300' title='bbox 561 2743 961 2811; x_wconf 82' lang='lat' dir='ltr'><strong>quandoquidem</strong></span> <span class='ocrx_word' id='word_1_301' title='bbox 1006 2758 1069 2794; x_wconf 83' lang='lat' dir='ltr'><strong>ex</strong></span> <span class='ocrx_word' id='word_1_302' title='bbox 1101 2743 1217 2810; x_wconf 87' lang='lat' dir='ltr'><strong>ipso</strong></span> <span class='ocrx_word' id='word_1_303' title='bbox 1254 2744 1465 2812; x_wconf 77' lang='lat' dir='ltr'><strong>cratylo</strong></span> <span class='ocrx_word' id='word_1_304' title='bbox 1503 2749 1751 2815; x_wconf 87' lang='lat' dir='ltr'><strong>intelligi-</strong></span> 
     </span>
     <span class='ocr_line' id='line_1_38' title="bbox 68 2816 1751 2881; baseline 0.002 -14"><span class='ocrx_word' id='word_1_305' title='bbox 68 2832 182 2867; x_wconf 80' lang='lat' dir='ltr'><strong>mus</strong></span> <span class='ocrx_word' id='word_1_306' title='bbox 234 2821 290 2864; x_wconf 88' lang='lat' dir='ltr'><strong>et</strong></span> <span class='ocrx_word' id='word_1_307' title='bbox 332 2817 682 2881; x_wconf 80' lang='lat' dir='ltr'><strong>cognoscimus</strong></span> <span class='ocrx_word' id='word_1_308' title='bbox 738 2830 853 2867; x_wconf 78' lang='lat' dir='ltr'><strong>mox</strong></span> <span class='ocrx_word' id='word_1_309' title='bbox 899 2816 1033 2866; x_wconf 87' lang='lat' dir='ltr'><strong>inter</strong></span> <span class='ocrx_word' id='word_1_310' title='bbox 1076 2816 1186 2867; x_wconf 88' lang='lat' dir='ltr'><strong>eius</strong></span> <span class='ocrx_word' id='word_1_311' title='bbox 1242 2818 1434 2870; x_wconf 88' lang='lat' dir='ltr'><strong>amicos</strong></span> <span class='ocrx_word' id='word_1_312' title='bbox 1490 2822 1751 2872; x_wconf 75' lang='lat' dir='ltr'><strong>exstitisse</strong></span> 
     </span>
     <span class='ocr_line' id='line_1_39' title="bbox 67 2886 1752 2954; baseline 0.005 -18"><span class='ocrx_word' id='word_1_313' title='bbox 67 2889 154 2954; x_wconf 84' lang='lat' dir='ltr'><strong>qul</strong></span> <span class='ocrx_word' id='word_1_314' title='bbox 189 2888 365 2953; x_wconf 86' lang='lat' dir='ltr'><strong>inepte</strong></span> <span class='ocrx_word' id='word_1_315' title='bbox 406 2887 532 2936; x_wconf 83' lang='lat' dir='ltr'><strong>baec</strong></span> <span class='ocrx_word' id='word_1_316' title='bbox 565 2886 730 2939; x_wconf 89' lang='lat' dir='ltr'><strong>studia</strong></span> <span class='ocrx_word' id='word_1_317' title='bbox 766 2895 1133 2953; x_wconf 83' lang='lat' dir='ltr'><strong>persequentes</strong></span> <span class='ocrx_word' id='word_1_318' title='bbox 1167 2903 1269 2940; x_wconf 91' lang='lat' dir='ltr'><strong>non</strong></span> <span class='ocrx_word' id='word_1_319' title='bbox 1303 2906 1334 2942; x_wconf 88' lang='lat' dir='ltr'><strong>e</strong></span> <span class='ocrx_word' id='word_1_320' title='bbox 1368 2890 1536 2942; x_wconf 76' lang='lat' dir='ltr'><strong>verbis</strong></span> <span class='ocrx_word' id='word_1_321' title='bbox 1572 2897 1626 2944; x_wconf 91' lang='lat' dir='ltr'><strong>et</strong></span> <span class='ocrx_word' id='word_1_322' title='bbox 1660 2908 1752 2943; x_wconf 90' lang='lat' dir='ltr'><strong>no·</strong></span> 
     </span>
     <span class='ocr_line' id='line_1_40' title="bbox 68 2957 1751 3027; baseline 0.003 -17"><span class='ocrx_word' id='word_1_323' title='bbox 68 2959 285 3010; x_wconf 85' lang='lat' dir='ltr'><strong>minibus</strong></span> <span class='ocrx_word' id='word_1_324' title='bbox 330 2959 513 3008; x_wconf 82' lang='lat' dir='ltr'><strong>mentia</strong></span> <span class='ocrx_word' id='word_1_325' title='bbox 560 2957 807 3010; x_wconf 87' lang='lat' dir='ltr'><strong>humanae</strong></span> <span class='ocrx_word' id='word_1_326' title='bbox 851 2960 1085 3010; x_wconf 88' lang='lat' dir='ltr'><strong>notiones</strong></span> <span class='ocrx_word' id='word_1_327' title='bbox 1137 2959 1327 3012; x_wconf 73' lang='lat' dir='ltr'><strong>eIIcere</strong></span> <span class='ocrx_word' id='word_1_328' title='bbox 1375 2966 1433 3013; x_wconf 88' lang='lat' dir='ltr'><strong>et</strong></span> <span class='ocrx_word' id='word_1_329' title='bbox 1475 2963 1751 3027; x_wconf 85' lang='lat' dir='ltr'><strong>illustrare,</strong></span> 
     </span>
     <span class='ocr_line' id='line_1_41' title="bbox 69 3029 1755 3098; baseline 0.004 -18"><span class='ocrx_word' id='word_1_330' title='bbox 69 3029 168 3081; x_wconf 79' lang='lat' dir='ltr'><strong>sed</strong></span> <span class='ocrx_word' id='word_1_331' title='bbox 209 3030 260 3079; x_wconf 87' lang='lat' dir='ltr'><strong>in</strong></span> <span class='ocrx_word' id='word_1_332' title='bbox 306 3030 458 3079; x_wconf 73' lang='lat' dir='ltr'><strong>verba</strong></span> <span class='ocrx_word' id='word_1_333' title='bbox 510 3034 564 3080; x_wconf 89' lang='lat' dir='ltr'><strong>et</strong></span> <span class='ocrx_word' id='word_1_334' title='bbox 606 3032 805 3081; x_wconf 89' lang='lat' dir='ltr'><strong>nomina</strong></span> <span class='ocrx_word' id='word_1_335' title='bbox 849 3046 938 3081; x_wconf 89' lang='lat' dir='ltr'><strong>sua</strong></span> <span class='ocrx_word' id='word_1_336' title='bbox 990 3032 1092 3098; x_wconf 87' lang='lat' dir='ltr'><strong>ipsi</strong></span> <span class='ocrx_word' id='word_1_337' title='bbox 1138 3031 1344 3084; x_wconf 86' lang='lat' dir='ltr'><strong>decreta</strong></span> <span class='ocrx_word' id='word_1_338' title='bbox 1379 3034 1663 3085; x_wconf 82' lang='lat' dir='ltr'><strong>transferre</strong></span> <span class='ocrx_word' id='word_1_339' title='bbox 1699 3044 1755 3087; x_wconf 86' lang='lat' dir='ltr'><strong>et</strong></span> 
     </span>
     <span class='ocr_line' id='line_1_42' title="bbox 69 3102 1754 3172; baseline 0.004 -20"><span class='ocrx_word' id='word_1_340' title='bbox 69 3104 148 3152; x_wconf 85' lang='lat' dir='ltr'><strong>aie</strong></span> <span class='ocrx_word' id='word_1_341' title='bbox 201 3117 263 3150; x_wconf 83' lang='lat' dir='ltr'><strong>ea</strong></span> <span class='ocrx_word' id='word_1_342' title='bbox 305 3102 522 3167; x_wconf 81' lang='lat' dir='ltr'><strong>probare</strong></span> <span class='ocrx_word' id='word_1_343' title='bbox 568 3106 623 3152; x_wconf 89' lang='lat' dir='ltr'><strong>et</strong></span> <span class='ocrx_word' id='word_1_344' title='bbox 670 3103 970 3153; x_wconf 83' lang='lat' dir='ltr'><strong>confirmare</strong></span> <span class='ocrx_word' id='word_1_345' title='bbox 1025 3104 1322 3159; x_wconf 85' lang='lat' dir='ltr'><strong>niterentur.</strong></span> <span class='ocrx_word' id='word_1_346' title='bbox 1408 3107 1506 3170; x_wconf 79' lang='lat' dir='ltr'><strong>Qui</strong></span> <span class='ocrx_word' id='word_1_347' title='bbox 1553 3108 1754 3172; x_wconf 81' lang='lat' dir='ltr'><strong>quidem</strong></span> 
     </span>
     <span class='ocr_line' id='line_1_43' title="bbox 71 3172 1751 3245; baseline 0.004 -21"><span class='ocrx_word' id='word_1_348' title='bbox 71 3173 305 3224; x_wconf 83' lang='lat' dir='ltr'><strong>homines</strong></span> <span class='ocrx_word' id='word_1_349' title='bbox 339 3190 368 3222; x_wconf 89' lang='lat' dir='ltr'><strong>a</strong></span> <span class='ocrx_word' id='word_1_350' title='bbox 406 3173 617 3223; x_wconf 87' lang='lat' dir='ltr'><strong>Platone</strong></span> <span class='ocrx_word' id='word_1_351' title='bbox 661 3172 760 3223; x_wconf 88' lang='lat' dir='ltr'><strong>boc</strong></span> <span class='ocrx_word' id='word_1_352' title='bbox 796 3174 926 3223; x_wconf 91' lang='lat' dir='ltr'><strong>libro</strong></span> <span class='ocrx_word' id='word_1_353' title='bbox 962 3174 1270 3225; x_wconf 78' lang='lat' dir='ltr'><strong>facetissima</strong></span> <span class='ocrx_word' id='word_1_354' title='bbox 1303 3176 1538 3228; x_wconf 84' lang='lat' dir='ltr'><strong>irrisione</strong></span> <span class='ocrx_word' id='word_1_355' title='bbox 1575 3181 1751 3245; x_wconf 83' lang='lat' dir='ltr'><strong>exagi-</strong></span> 
     </span>
     <span class='ocr_line' id='line_1_44' title="bbox 71 3246 1749 3314; baseline 0.003 -19"><span class='ocrx_word' id='word_1_356' title='bbox 71 3251 243 3295; x_wconf 74' lang='lat' dir='ltr'><strong>tantur</strong></span> <span class='ocrx_word' id='word_1_357' title='bbox 313 3253 464 3309; x_wconf 82' lang='lat' dir='ltr'><strong>atque</strong></span> <span class='ocrx_word' id='word_1_358' title='bbox 534 3246 969 3311; x_wconf 84' lang='lat' dir='ltr'><strong>perstringuntur,</strong></span> <span class='ocrx_word' id='word_1_359' title='bbox 1049 3246 1447 3312; x_wconf 77' lang='lat' dir='ltr'><strong>quandoquidem</strong></span> <span class='ocrx_word' id='word_1_360' title='bbox 1520 3250 1749 3314; x_wconf 82' lang='lat' dir='ltr'><strong>plurimis</strong></span> 
     </span>
     <span class='ocr_line' id='line_1_45' title="bbox 69 3315 1752 3388; baseline 0.002 -20"><span class='ocrx_word' id='word_1_361' title='bbox 69 3316 276 3382; x_wconf 75' lang='lat' dir='ltr'><strong>ineptae</strong></span> <span class='ocrx_word' id='word_1_362' title='bbox 321 3315 658 3382; x_wconf 69' lang='lat' dir='ltr'><strong>etymologiae</strong></span> <span class='ocrx_word' id='word_1_363' title='bbox 709 3318 953 3387; x_wconf 77' lang='lat' dir='ltr'><strong>exemplis</strong></span> <span class='ocrx_word' id='word_1_364' title='bbox 988 3318 1150 3370; x_wconf 74' lang='lat' dir='ltr'><strong>allatis</strong></span> <span class='ocrx_word' id='word_1_365' title='bbox 1194 3318 1435 3382; x_wconf 84' lang='lat' dir='ltr'><strong>docetur,</strong></span> <span class='ocrx_word' id='word_1_366' title='bbox 1487 3337 1631 3388; x_wconf 88' lang='lat' dir='ltr'><strong>quam</strong></span> <span class='ocrx_word' id='word_1_367' title='bbox 1678 3323 1752 3373; x_wconf 85' lang='lat' dir='ltr'><strong>illi</strong></span> 
     </span>
     <span class='ocr_line' id='line_1_46' title="bbox 145 3401 1352 3456; baseline 0.005 -16"><span class='ocrx_word' id='word_1_368' title='bbox 145 3401 257 3444; x_wconf 68' lang='lat' dir='ltr'><strong>mat.</strong></span> <span class='ocrx_word' id='word_1_369' title='bbox 289 3405 401 3453; x_wconf 75' lang='lat' dir='ltr'><strong>opp.</strong></span> <span class='ocrx_word' id='word_1_370' title='bbox 432 3402 530 3448; x_wconf 83' lang='lat' dir='ltr'><strong>Vol.</strong></span> <span class='ocrx_word' id='word_1_371' title='bbox 565 3403 616 3445; x_wconf 76' lang='lat' dir='ltr'><strong>V.</strong></span> <span class='ocrx_word' id='word_1_372' title='bbox 651 3401 696 3446; x_wconf 77' lang='grc' dir='ltr'><strong>Ρ.</strong></span> <span class='ocrx_word' id='word_1_373' title='bbox 727 3403 780 3446; x_wconf 84' lang='lat' dir='ltr'><strong>n.</strong></span> <span class='ocrx_word' id='word_1_374' title='bbox 1317 3405 1352 3456; x_wconf 82' lang='lat'><strong>2</strong></span> 
     </span>
    </p>
   </div>
  </div>
 </body>
</html>
