2066 3666
716 151 1227 226 cnanmmles.
1549 141 1563 152 ⁴
1745 153 1826 206 ol>

121 300 345 366 scriptus
373 302 500 363 .,est
537 296 1063 369 honorificentissime
1097 297 1325 360 habuit,
1338 298 1406 348 in
1449 297 1552 350 hoc
1585 313 1830 365 sermone,

123 376 199 424 ita
234 372 427 422 induxit
462 337 903 442 colloquentem,
922 375 980 421 ut
1029 374 1085 420 et
1119 371 1249 435 ipse
1281 357 1658 437 sophistarum
1679 386 1832 436 more.

124 446 376 506 disserat,
412 449 467 494 et
501 435 744 504 Socrates
768 443 886 496 eius
924 441 1322 509 disputationem
1355 457 1458 506 non
1491 442 1644 509 aliter
1682 459 1831 493 coar-

129 523 251 584 guat
286 522 440 589 atque
474 513 654 564 {acere
698 513 993 587 consueqit,
1038 514 1125 584 ubi
1173 529 1287 563 cum
1314 514 1490 580 ipsis
1500 507 1623 580 agit
1652 514 1830 580 sophi-7

132 590 245 640 stis.
303 585 613 660 Eqimvero
625 585 807 647 Plato,
859 602 1043 659 quum
1046 568 1363 655 disciplinae
1395 585 1689 653 Socraticae
1738 586 1831 637 illo

128 667 382 744 tempore
401 657 565 708 adhuc
601 658 750 722 unice
771 672 996 722 operam
1035 653 1216 718 daret,
1263 658 1476 722 eiusque
1511 661 1654 706 esset
1688 662 1832 706 tena-

130 732 384 802 cissimus,
419 722 473 779 id
509 729 627 778 sibi
639 727 890 813 agendum
918 729 1132 794 putavit,
1167 732 1226 778 nt
1250 728 1506 779 hominem
1547 733 1601 778 et
1626 728 1835 780 doctum

131 809 187 854 et
223 808 434 856 acutum
447 805 519 856 et
556 784 662 849 sibi
693 805 965 866 cognatum
1011 817 1041 850 a
1090 800 1437 871 sophistarum
1487 800 1836 850 familiaritate

128 879 382 925 avocaret.
454 872 603 937 Quod
639 878 811 938 tamen
847 872 985 923 nihil
1009 871 1263 943 impediit,
1299 873 1563 956 quominus
1599 872 1835 936 eundem,

130 952 316 1012 utpote
353 927 629 993 Socraticis
668 940 1096 1009 disputationibus
1140 944 1423 1005 eruditum,
1469 945 1522 993 in
1557 943 1700 993 libris
1736 960 1836 1013 po<-

131 1026 247 1068 stea
290 1017 498 1089 scriptis
552 1017 658 1088 alia
695 1016 986 1068 conditione
1032 1014 1235 1066 faceret
1286 1010 1680 1084 colloquentem.
1762 1017 1837 1069 Et

131 1088 185 1140 in
223 1105 283 1138 ea
320 1084 552 1158 quidem,
601 1067 730 1155 quae
779 1083 1040 1154 sequitur,
1094 1088 1448 1152 disputationis
1486 1093 1635 1153 parte
1671 1089 1836 1153 mani-

132 1162 342 1226 festum
374 1165 458 1228 est
506 1175 623 1217 eum
662 1159 819 1210 rideri
855 1166 1070 1225 propter
1104 1161 1312 1210 nimium
1356 1160 1717 1210 uocabulorum
1755 1149 1837 1230 di7

133 1217 552 1300 εῑίιιςιιειιᾶοιηιιιι
591 1224 849 1293 studium,
902 1231 985 1281 cui
1034 1248 1094 1282 se
1130 1231 1350 1281 Prodico
1398 1232 1529 1281 duce
1573 1232 1703 1282 adeo
1741 1232 1838 1286 de-.

135 1294 330 1376 disset,
375 1311 433 1354 nt
469 1320 594 1370 prae
630 1303 939 1371 argutiarum
984 1305 1271 1370 captatione
1305 1304 1438 1389 ‘quid
1483 1320 1658 1354 verum
1696 1298 1840 1362 esset

138 1394 242 1452 non
275 1357 674 1449 animadwertere
709 1376 1237 1441 videretur.1taque
1276 1376 1350 1427 sic
1386 1376 1604 1441 loquens
1641 1375 1838 1427 induci·

136 1454 250 1511 tur,
296 1455 355 1499 ut
399 1464 459 1498 se
495 1465 557 1500 ex
593 1439 1008 1513 difficultatibus,
1063 1449 1242 1512 quibus
1294 1439 1574 1497 obstrictus
1610 1451 1839 1513 tenetur,

137 1520 522 1584 haudquaquam
560 1520 803 1586 expedire
840 1525 1020 1586 queat,
1058 1519 1191 1584 quod
1229 1516 1364 1568 idem
1401 1520 1452 1568 in
1487 1511 1698 1585 Hippia,
1733 1520 1839 1590 Ly-

49 1649 53 1651 ,
138 1592 279 1655 uide,
316 1591 571 1653 Lachete,
609 1593 721 1642 aliis
757 1592 998 1657 dialogis,
1035 1591 1270 1640 similiter
1307 1597 1390 1640 est
1427 1592 1734 1646 institutum

280 1662 468 1714 Audita
505 1665 638 1714 enim
675 1664 761 1713 illa
799 1665 1167 1729 temperantiae
1204 1651 1529 1724 definitione,
1569 1664 1710 1714 cuius
1746 1681 1841 1731 po-

138 1739 333 1787 stremo
365 1735 661 1786 Charmides
699 1737 1012 1785 mentionem
1047 1734 1193 1797 fecit,
1232 1736 1474 1785 Socrates
1514 1736 1653 1784 istud
1689 1753 1841 1789 suas

139 1824 246 1858 res
283 1825 480 1874 agere
516 1808 785 1858 admodum
822 1805 1056 1873 ambigue
1094 1807 1194 1857 dici
1228 1813 1432 1869 monet,
1470 1813 1529 1856 ut
1566 1809 1841 1874 aenigmati

142 1879 309 1930 simile
365 1897 485 1929 csse
540 1880 785 1930 videatur.
874 1879 1003 1930 Nam
1064 1897 1210 1930 suas
1273 1895 1384 1930 res
1432 1896 1633 1946 agere
1686 1882 1842 1948 vulgo

147 1953 381 2016 usurpari
432 1952 496 2000 de
542 1953 637 2010 iis,
684 1953 770 2017 qui
805 1967 991 2001 nomen
1029 1954 1254 2002 scribant
1291 1969 1465 2013 suum,
1514 1958 1687 2002 vestes
1726 1971 1843 2006 suas

146 2024 243 2071 sibi
279 2023 583 2083 conficiant,
622 2024 697 2072 cai
702 2041 824 2073 ceos
860 2026 1109 2085 sarciant,
1158 2025 1376 2090 denique
1414 2040 1508 2084 eas,
1553 2041 1681 2090 quae
1716 2026 1844 2092 ipsis

145 2110 276 2161 opus
315 2096 444 2153 sint,
494 2097 589 2144 sibi
628 2095 846 2157 saciant,
902 2097 953 2146 in
1002 2097 1182 2162 quibus
1221 2097 1451 2146 omnibus
1503 2093 1845 2180 σωᾳροσύνη

144 2175 290 2216 certe
338 2167 473 2215 nulla
523 2168 719 2215 ratione
768 2175 1019 2217 cernatur.
1101 2168 1352 2231 Quocirca
1399 2168 1691 2232 suspicatur
1731 2169 1846 2227 Cri7

145 2239 295 2299 tiam,
341 2246 429 2288 aut
472 2240 698 2304 qnisquis
748 2239 909 2289 suerit
946 2244 1124 2289 auctor
1169 2241 1319 2289 huius
1369 2241 1681 2303 sententiae,
1733 2241 1846 2292 for-

145 2316 287 2361 tasse
323 2310 488 2376 ipsum
534 2311 871 2376 ignoravisse,
920 2327 1163 2376 quaenam
1211 2312 1329 2361 huic
1380 2311 1632 2361 formulae
1669 2314 1742 2364 vis
1791 2310 1859 2366 et:=

149 2382 454 2448 significatio
505 2382 816 2432 subiicienda
863 2390 1006 2433 esset
1042 2382 1113 2451 ¹⁶¹).
1194 2384 1306 2448 Quo
1367 2383 1569 2449 quidem
1618 2383 1846 2439 Socratis

148 2454 290 2504 dicto
328 2455 513 2505 Critias
550 2456 770 2520 graxiter
807 2444 1112 2518 lacessitus,
1159 2471 1224 2506 ne
1273 2472 1474 2506 causam
1514 2472 1653 2507 suam
1694 2458 1848 2509 dese-

151 2526 321 2578 ruisse
359 2526 604 2587 uideatur,
643 2533 888 2593 protenus
926 2544 982 2577 se
1023 2529 1244 2578 sermoni
1279 2528 1546 2578 immiscet
1619 2529 1849 2599 Suscipit

151 2603 324 2649 autem
374 2598 681 2648 definitionis
727 2599 863 2649 illius
911 2600 1246 2665 patrocinium
1311 2601 1407 2662 ita,
1465 2605 1523 2650 ut
1585 2602 1720 2652 inter
1776 2605 1847 2669 id,

152 2669 289 2736 quod
325 2670 557 2720 facere
601 2677 754 2737 atque
802 2688 1003 2737 agere
1041 2671 1268 2734 dicatur,
1317 2672 1589 2722 discrimen
1641 2680 1847 2728 statuat.

150 2741 318 2808 Negat
354 2743 510 2807 igitur
546 2758 744 2808 agere
780 2759 875 2794 nos
913 2760 991 2804 ea,
1030 2761 1155 2810 quac
1192 2746 1294 2795 sint
1324 2744 1564 2805 aliorum3
1604 2744 1847 2812 facere,

150 2814 400 2875 concedit.
475 2814 631 2877 Quam
686 2816 736 2866 in
785 2832 894 2867 rem
938 2817 1100 2866 utitur
1147 2816 1441 2868 testimonio
1485 2817 1698 2882 quodam
1737 2820 1850 2871 lle-

151 2885 300 2946 siodi,
340 2886 423 2952 qui
462 2903 589 2951 quae
614 2886 834 2937 honeste
863 2888 984 2938 fiant
1013 2887 1325 2954 afferantque
1343 2887 1632 2951 utilitatem,
1657 2907 1852 2957 opera

154 2966 209 3007 et
245 2959 544 3007 actiones
589 2959 843 3024 appellet3
892 2976 1021 3025 quac
1056 2966 1225 3010 autem
1263 2960 1482 3010 habeant
1518 2961 1732 3027 aliquam
1770 2965 1852 3017 vel

58 3042 66 3050 “
153 3030 483 3096 turpitudinis
530 3030 610 3080 sel
659 3032 946 3082 inutilitatis
983 3038 1181 3094 notam,
1234 3048 1296 3081 ea
1341 3030 1578 3083 facere
1630 3051 1723 3086 nos
1769 3036 1850 3087 di-

153 3109 268 3163 cat,
326 3109 383 3152 ut
431 3100 559 3151 adeo
612 3114 765 3168 poeta
823 3104 1000 3170 pulcra
1047 3109 1239 3154 tantum
1287 3109 1342 3154 et
1388 3104 1532 3154 utilia
1579 3110 1854 3175 propria

156 3174 265 3224 aive
303 3176 508 3235 οἰκεῖα,
556 3174 703 3225 noxia
738 3181 907 3226 autem
945 3182 1002 3228 ct
1035 3176 1307 3229 inhonesta
1341 3175 1561 3227 aliena
1599 3178 1853 3233 iudicasse

422 3327 502 3336 «—

220 3424 283 3479 0)
342 3427 389 3468 r.
423 3426 520 3468 m.
551 3429 602 3467 Α.
632 3446 690 3459 -
723 3429 817 3471 ιιι.
847 3432 901 3473 Α.
