2066 3666
258 144 296 204 (³
492 131 499 142 ‘
889 138 1304 200 PLA‘role

261 283 453 337 Verum
488 281 840 350 Hermogenes
875 284 956 335 liis
992 285 1300 351 argumentis
1337 299 1394 334 se
1434 299 1500 334 ne
1546 287 1798 338 tantillum
1837 290 1950 354 qui-

262 357 378 405 dem
428 372 457 406 a
509 357 762 406 sententia
807 374 896 413 sua
932 357 1188 406 demoveri
1225 356 1446 422 patitur,
1492 357 1584 406 sed
1620 361 1952 421 pertinaciter

260 419 518 481 nominum
560 428 804 493 originem
852 437 906 478 et
958 444 1104 477 usum
1146 428 1207 476 ab
1243 428 1502 481 hominum
1547 430 1755 483 arbitrio
1797 438 1951 558 atque

260 500 628 586 consuetudine
661 499 996 571 repetendum
1034 515 1152 550 esse
1189 499 1463 555 contendit
1535 498 1593 556 P.
1630 501 1755 554 384.
1791 503 1854 556 Ε.
1883 531 1951 541 -

260 568 384 651 385.
417 571 485 629 Ε

404 669 650 734 Quoniam
694 684 814 720 vero
863 669 992 718 haec
1039 670 1289 725 sententia
1324 670 1398 718 ita
1433 673 1718 733 comparata
1755 674 1861 730 est,
1892 677 1951 723 ut

263 739 508 807 originem
557 742 809 796 nominum
861 741 1199 803 arbitrariam,
1249 741 1356 802 rel,
1393 744 1451 788 ut
1487 740 1600 788 cuin
1637 744 1950 793 nostratibus

259 811 467 878 loquar,
505 814 833 875 subiectivam
869 829 987 862 esse
1023 819 1206 875 sumat,
1242 812 1520 878 prudenter
1557 811 1795 861 Socrates
1831 819 1951 864 ante

260 885 425 935 omnia
470 883 831 949 dispiciendum
868 884 1164 945 arbitratur,
1212 883 1331 939 niun
1364 899 1485 938 vere
1522 883 1829 948 Protagoras
1864 887 1950 934 iu-

259 954 502 1005 dicaverit
536 972 620 1004 res
659 971 834 1011 omnes
871 956 1000 1005 tales
1036 971 1188 1018 esse,
1226 955 1400 1021 quales
1438 955 1620 1019 cuique
1657 962 1948 1020 appareant,

255 1025 487 1091 adeoque
518 1026 776 1086 hominem
813 1044 985 1081 earum
1022 1028 1167 1093 quasi
1200 1027 1440 1092 quandam
1479 1042 1596 1075 esse
1634 1042 1949 1092 mensuram,

256 1109 320 1158 an·
364 1099 485 1157 illae
530 1098 579 1148 vi
633 1116 722 1149 sua
771 1115 864 1169 per
912 1115 972 1149 se
1019 1104 1256 1149 constare
1292 1098 1651 1148 existimandae
1688 1100 1803 1150 sint
1874 1101 1948 1152 Et

246 1169 381 1220 illud
429 1169 630 1235 quidem
663 1171 987 1224 manifestum
1024 1172 1324 1231 arbitratur,
1371 1170 1583 1236 probata
1629 1169 1969 1255 Protagorae,

254 1241 489 1306 opinione
537 1256 686 1291 omne
734 1243 847 1294 tolii
882 1240 1182 1308 prudentiae
1218 1247 1273 1291 et
1309 1241 1717 1305 imprudentiae,
1746 1244 1945 1307 sapiem

251 1313 358 1362 tiae
395 1317 448 1368 et
496 1313 816 1378 insipientiae
864 1315 1169 1375 discrimen,
1209 1314 1441 1379 quoniam
1478 1312 1611 1377 quod
1649 1314 1832 1378 cuique
1867 1316 1948 1364 vi-

190 1432 192 1438 !
249 1382 486 1446 deretur,
534 1385 670 1436 idem
720 1387 871 1440 etiam
908 1401 1000 1451 pr-o
1038 1402 1158 1437 vero
1195 1384 1479 1435 habendum
1521 1391 1676 1436 esset.
1750 1385 1946 1440 Eadem

247 1454 313 1505 de
369 1471 518 1512 causa
566 1459 719 1515 etiam
763 1457 1072 1524 Euthydemi
1125 1458 1427 1512 sententiam
1476 1456 1754 1512 arbitratur
1791 1473 1944 1522 repu-

249 1527 376 1595 diari
401 1534 671 1594 oportere,
717 1531 878 1582 omnia
917 1531 1146 1580 omnibus
1185 1530 1334 1578 simul
1360 1533 1511 1592 atque
1550 1529 1784 1577 similiter
1820 1545 1944 1595 conf

243 1601 416 1648 venire
475 1603 762 1652 statuentis,
846 1601 974 1653 Nam
1029 1602 1129 1650 hoc
1183 1616 1382 1664 quoque
1428 1599 1641 1648 decreto
1695 1600 1941 1653 malorum

242 1670 590 1736 bonorumque
626 1672 896 1723 discrimen
935 1688 1082 1720 omne
1118 1672 1345 1720 funditus
1381 1670 1510 1722 tolli.
1583 1670 1746 1734 Quum
1784 1673 1943 1737 igitur

242 1756 338 1791 neo
384 1743 614 1799 omnibus
663 1745 829 1811 omnia
875 1744 1111 1797 similiter
1160 1748 1212 1792 et
1259 1742 1408 1791 simul
1457 1743 1783 1804 conveniant,
1845 1760 1941 1803 nec

179 1824 213 1877 j
241 1813 452 1879 singulis
490 1815 843 1881 singula2talia
892 1817 1020 1875 sint,
1068 1815 1234 1881 qualia
1246 1818 1583 1900 appareant,
1621 1829 1940 1879 consequens

238 1886 312 1934 ait
347 1901 494 1947 esse,
539 1893 596 1937 ut
631 1903 718 1936 res
770 1888 911 1951 ipsae
947 1903 1043 1950 per
1079 1902 1138 1936 se
1175 1901 1312 1934 suam
1352 1885 1449 1933 sibi
1484 1884 1702 1934 habeant
1736 1888 1939 1951 propii-

235 1972 417 2021 amque
453 1964 712 2019 naturam,
750 1974 878 2024 quae
914 1974 1013 2011 non
1053 1974 1113 2007 ex
1150 1957 1407 2013 hominum
1445 1971 1599 2011 seusu
1637 1963 1691 2010 et
1727 1959 1938 2025 arbitrio

234 2023 470 2092 pendeat.
539 2029 595 2079 P.
637 1996 760 2085 38⁹5,
798 2030 859 2081 Ε.
894 2058 966 2075 ·-.-
1002 2031 1124 2079 386.
1163 2028 1225 2079 Ε

374 2141 472 2193 His
505 2143 580 2196 ita
617 2143 861 2208 expositis
900 2149 955 2192 et
991 2142 1053 2202 ab
1086 2141 1413 2211 Hermogene
1457 2141 1799 2206 comprobatis
1834 2143 1933 2195 So·

235 2217 405 2267 crates
450 2230 604 2279 porro
650 2216 720 2264 ita
771 2218 1163 2281 argumentatur.
1248 2213 1306 2263 Si
1353 2231 1436 2263 rcs
1485 2216 1533 2263 vi
1570 2230 1660 2263 sua
1697 2222 1932 2267 constant

229 2299 325 2334 nec
378 2286 440 2334 ab
491 2286 748 2337 hominum
799 2288 1030 2336 sensibus
1081 2285 1327 2350 pendent,
1379 2287 1533 2334 etiam
1592 2286 1821 2336 actiones
1869 2287 1930 2339 ad

231 2371 318 2407 eas
380 2362 674 2422 spectantes
737 2359 975 2407 similiter
1029 2362 1349 2422 comparatae
1407 2359 1509 2406 sint
1568 2373 1783 2407 necesse
1830 2365 1929 2412 est.

228 2428 481 2491 Quocirca
526 2429 657 2480 illae·
702 2446 796 2480 nec
858 2431 920 2479 ab
959 2429 1168 2478 arbitrio
1207 2434 1262 2478 et
1311 2429 1573 2478 voluntate
1623 2435 1798 2482 nostra
1842 2447 1929 2480 su⁴

226 2514 444 2563 spensae
480 2506 626 2563 sunt,
675 2507 731 2551 et
774 2518 914 2553 suam
953 2501 1051 2554 sibi
1085 2506 1292 2569 tuentur
1339 2502 1435 2549 vim
1475 2506 1628 2564 atque
1681 2507 1926 2553 naturam.

224 2569 366 2621 Inter
411 2573 639 2630 actiones
685 2578 872 2630 autem¹
901 2572 1175 2633 referenda
1214 2573 1365 2622 ctiam
1406 2573 1567 2628 oratio
1609 2577 1705 2620 est.
1779 2574 1924 2637 Quo-

225 2643 360 2700 circa
410 2645 455 2694 si
503 2645 615 2708 quis
663 2650 810 2694 recte
855 2643 1154 2709 loquuturus
1191 2649 1305 2702 est,
1342 2643 1515 2692 facere
1553 2643 1604 2691 id
1641 2643 1796 2697 debet
1831 2662 1925 2694 na.-

223 2716 659 2765 turae“orationis
706 2717 1077 2772 convenienter.
1163 2715 1262 2765 Est
1298 2722 1465 2764 autem
1505 2716 1719 2765 orationi
1753 2718 1924 2767 subie-

221 2792 307 2834 cta
355 2788 659 2848 nominatio,
710 2803 838 2852 quae
894 2795 948 2836 et
995 2788 1103 2851 ipsa
1148 2788 1284 2835 inter
1331 2788 1559 2842 actiones
1613 2795 1922 2843 numeratur.

222 2857 471 2919 Quocirca
510 2859 659 2908 etiam
697 2861 784 2908 res
817 2860 1076 2910 nominare
1114 2857 1373 2917 debemus,
1411 2858 1580 2922 prouti
1616 2852 1921 2913 nominatio-

219 2930 298 2978 nis
334 2935 544 2986 naturae
581 2935 663 2980 est
699 2936 1119 2996 consentaneum,
1157 2935 1213 2978 ut
1251 2931 1399 2986 etiam
1442 2930 1537 2983 hac
1572 2931 1623 2978 in
1659 2946 1719 2979 re
1757 2933 1918 2985 omnis

220 3001 424 3057 exclusa
458 3001 689 3051 videatur
720 3003 916 3051 arbitrii
963 2999 1241 3050 temeritas,
1327 3001 1382 3053 P.
1431 3000 1552 3052 386.
1599 3002 1663 3053 Ε.
1688 3030 1747 3039 —
1792 3002 1917 3052 387.

219 3069 279 3120 l).
322 3100 392 3110 --
463 3073 741 3123 Praeterea
775 3075 975 3122 nomina
1015 3076 1131 3122 sunt
1166 3072 1306 3135 quasi
1345 3071 1585 3136 quaedam
1612 3075 1917 3128 insti-umen·-

219 3147 296 3205 ta,
346 3144 526 3208 quibus
578 3145 796 3206 utimur,
846 3150 902 3192 ut
944 3159 1035 3193 nos
1071 3144 1280 3192 invicem
1321 3144 1383 3192 de
1419 3145 1573 3193 rebus
1611 3144 1915 3195 edoceamus

218 3219 273 3263 et
326 3231 453 3280 quae
504 3218 638 3271 inter
683 3231 742 3266 se
789 3216 988 3271 diversa
1047 3221 1198 3275 sunt,
1261 3221 1500 3263 accurate
1555 3213 1915 3270 discernamus.

218 3286 394 3351 [taque
452 3289 500 3336 is
549 3287 750 3346 demum
798 3288 859 3337 iis
910 3290 1057 3339 recte
1095 3291 1292 3347 utetur,
1341 3288 1425 3352 qui
1466 3285 1679 3347 docendi
1715 3289 1913 3351 peritus

215 3364 312 3407 est.
382 3358 557 3409 Utitur
593 3365 761 3415 autem
798 3358 888 3419 ille
936 3358 1218 3416 nominibus
1253 3364 1492 3426 tanquam
1526 3356 1728 3423 aliunde
1764 3375 1911 3411 acce-
