2066 3666
653 195 1170 254 ALCIBIADES
1219 196 1259 251 1.
1705 201 1817 256 18⁶1

102 346 187 394 est
205 340 305 414 ¹⁸²),
351 349 524 396 tamen
564 336 851 394 disserendi
892 346 1057 392 artem
1098 341 1219 393 fere
1252 341 1442 402 nullam
1475 342 1693 406 habeat3
1742 358 1808 397 cx

103 417 248 466 cuius
295 419 374 467 rei
411 416 767 467 observatione
804 415 945 463 bona·
985 428 1104 480 pars
1148 415 1300 464 istius
1346 415 1567 464 inertiae
1602 417 1808 483 scilicet

101 493 159 538 et
209 488 529 538 infacundiae
576 485 838 536 iudicanda
875 489 991 547 est,
1043 500 1191 548 quam
1241 488 1416 550 operis
1465 488 1664 536 auctori
1709 490 1806 538 tri-

99 558 280 614 buunt.
348 561 555 610 Etenim
580 556 998 624 quemadmodum
1022 557 1358 622 philosophus
1392 557 1515 606 alias
1543 558 1806 622 sophistas

102 631 179 680 sic
212 631 406 681 induxit
441 631 736 696 loquenteS,
780 635 839 679 ut
886 630 937 679 in
976 630 1268 679 notionibus
1303 629 1672 694 distinguendis
1721 632 1804 681 vel

97 702 399 752 definiendis
432 702 729 767 turpissime
763 700 1024 761 labantur,
1060 701 1133 750 ita
1166 716 1299 751 nuuc
1337 717 1400 750 eo
1437 700 1591 750 modo
1629 701 1806 753 dicen-

97 778 203 822 tem
243 773 371 824 fecit
404 774 783 838 adolescentem
819 772 1153 834 Alcibiadem,
1189 779 1248 822 ut
1270 773 1586 836 quantumvis
1624 789 1804 839 magua

94 845 283 910 ingenii
318 847 397 895 sui
434 847 670 912 opinione
704 844 908 894 inflatus
944 849 1114 894 tamen
1149 843 1231 893 vel
1267 847 1318 894 in
1354 846 1415 894 iis
1441 845 1596 894 rebus
1619 861 1803 896 caecus

93 917 195 966 tire
242 917 497 979 videatur,
549 933 680 983 quae
716 933 748 965 e
790 916 928 965 vitae
974 917 1252 966 communis
1301 916 1668 966 cousuetudine
1705 917 1798 967 de·-

43 1032 56 1041 ,
92 996 330 1053 promtae
379 997 511 1042 sunt.
584 989 833 1039 Nimirum
869 988 942 1037 ita
978 988 1250 1053 perspicue
1290 988 1624 1054 intelligitur,
1674 1006 1798 1054 qina-

90 1060 155 1109 lls
207 1060 369 1111 fuerit
419 1061 638 1110 hominis
702 1060 936 1109 doctrina
982 1065 1037 1108 et
1084 1059 1337 1122 eruditio,
1399 1075 1501 1125 qno
1560 1067 1798 1127 tempore
1849 1112 1855 1119 ,

91 1147 152 1182 se
187 1132 391 1183 Socrati
424 1134 476 1183 in
517 1131 832 1197 disciplinam
867 1130 1085 1201 dedqerit.
1159 1131 1265 1182 Sed
1311 1132 1407 1181 alia
1458 1133 1608 1183 etiam
1659 1139 1796 1196 sunt,

89 1219 220 1269 quae
256 1206 379 1255 satis
405 1205 733 1271 patefaciant,
770 1219 863 1252 cur
897 1204 1063 1253 minor
1096 1204 1147 1252 in
1186 1203 1287 1253 hoc
1322 1219 1483 1269 opere
1521 1206 1797 1271 conspicua

87 1277 156 1325 sit
190 1278 315 1326 artis
351 1277 626 1343 perfectio.
698 1277 952 1340 Quorsum
987 1275 1265 1325 referimus
1302 1276 1453 1338 illud,
1490 1277 1627 1341 quod
1663 1279 1795 1328 scri-

84 1354 206 1413 pter
239 1348 437 1401 videtur
468 1366 637 1398 veram
672 1363 1065 1414 germanamque
1099 1348 1387 1397 disserendi
1422 1350 1669 1398 rationem
1694 1349 1794 1399 So·
1844 1344 1846 1348 ’

82 1420 324 1470 craticam
371 1422 656 1471 imitatione
705 1421 993 1486 exprimere
1036 1419 1273 1468 voluisse.
1355 1421 1793 1483 Quemadmodum

80 1498 253 1542 autem
304 1493 680 1558 simplicissima
728 1508 959 1557 quaeque
1013 1490 1075 1539 ad
1133 1490 1425 1541 imitandum
1485 1491 1819 1545 difficillima-

82 1569 230 1624 sunt,
275 1566 346 1615 ita
382 1566 535 1613 etiam
572 1564 787 1629 simplex
821 1564 909 1613 illa
943 1563 1229 1628 disputandi
1265 1565 1398 1612 ratio
1434 1562 1701 1615 Platonem
1735 1566 1792 1618 in

79 1634 225 1684 devia
260 1635 504 1700 quaedam
542 1635 815 1684 abduxisse
844 1634 1077 1695 videtur,
1126 1635 1432 1699 praesertim
1470 1652 1623 1701 quum
1658 1652 1788 1688 non-

76 1705 197 1757 dum
228 1708 344 1756 talis
382 1708 636 1757 scribendi
674 1706 860 1756 artifex
883 1707 1190 1766 exstitisset,
1232 1707 1394 1771 qualis
1432 1712 1616 1773 postea
1651 1714 1787 1760 tem-

74 1780 218 1844 poris
253 1778 420 1829 sactus
459 1785 559 1830 est.
634 1778 750 1828 Hoc
784 1779 940 1844 igitur
966 1778 1298 1831 observantes
1335 1778 1490 1834 facile
1525 1780 1786 1847 intellige-

77 1865 220 1911 mus,
277 1852 363 1916 qui
423 1851 540 1901 fieri
587 1852 783 1917 possit,
841 1857 901 1900 ut
942 1849 1100 1901 multa
1141 1849 1309 1901 fusius
1358 1850 1617 1918 disputata
1679 1854 1785 1907 sint

43 1937 225 1987 -quam
261 1938 355 1988 pro
390 1923 548 1987 ipsius
577 1922 804 1972 Platonis
839 1922 1224 1975 consuetudine.
1297 1922 1414 1973 Huc
1450 1924 1651 1975 accedit
1686 1925 1784 1976 de-

75 1995 258 2057 nique,
309 1994 446 2060 quod
491 1993 721 2059 dialogus
768 1994 974 2057 videtur
1022 2010 1055 2044 a
1098 1994 1412 2061 philosopho
1461 1998 1782 2062 compositus

74 2080 227 2128 esse,
288 2081 390 2130 quo
445 2072 683 2132 tempore
745 2066 827 2115 vix
870 2066 1249 2116 adolescentiae
1306 2082 1466 2118 annos
1514 2069 1780 2134 ingressus

74 2142 204 2191 erat,
274 2137 402 2189 Nam
440 2139 537 2188 nisi
574 2139 868 2187 coniectura
903 2137 1076 2200 fallit,
1122 2139 1344 2202 scriptus
1394 2144 1478 2190 est
1531 2155 1596 2191 eo
1644 2145 1778 2193 tem-

73 2224 234 2275 pore,
278 2225 377 2274 quo
406 2216 740 2259 ‘accusatores
778 2208 1038 2270 Socratis,
1088 2226 1287 2260 causam
1335 2211 1443 2261 eius
1481 2212 1678 2264 iamlam
1724 2214 1779 2267 in

69 2280 310 2333 iudicium
341 2281 636 2342 adducturi,
672 2281 834 2331 malos
868 2296 1103 2331 rumores
1141 2282 1206 2332 de
1243 2282 1609 2347 familiaritate,
1645 2301 1778 2352 quae

70 2351 170 2419 ipsi
206 2353 326 2403 olim
363 2370 477 2404 cum
513 2353 778 2404 Alcibiade
812 2353 1230 2415 intercessisset,
1262 2355 1442 2405 sedulo
1481 2362 1777 2421 sparserant

43 2429 128 2476 ‘ct
162 2431 603 2491 exaggeraverant.
675 2424 824 2489 Quod
861 2425 1062 2491 quidem
1098 2441 1250 2491 quum
1288 2443 1350 2478 ex
1378 2428 1618 2489 universo
1653 2429 1775 2482 libri
1820 2439 1824 2443 ’

65 2506 367 2563 argumento
426 2503 481 2548 et
535 2498 749 2548 consilio
795 2497 1103 2547 concludere
1149 2498 1332 2561 liceat,
1389 2504 1499 2550 tum
1557 2502 1774 2553 maxime

18 2587 21 2592 ¹
64 2568 185 2622 inde
220 2570 403 2620 coniici
437 2574 644 2636 potest,
693 2568 828 2637 quod
866 2570 1175 2634 colloquium
1224 2572 1286 2622 ab
1321 2573 1631 2622 amatoribus
1672 2574 1768 2624 Al·-

65 2640 276 2692 cibiadis
312 2642 507 2693 initium
546 2642 682 2707 capit
728 2645 784 2691 et
820 2642 1097 2692 eorundem
1134 2645 1618 2695 commemoratione
1654 2646 1771 2696 fini-

62 2717 166 2765 tur.
235 2713 353 2764 Hoc
391 2714 526 2764 enim
561 2729 663 2765 non
697 2718 897 2763 temere
935 2715 1007 2763 ita
1040 2715 1156 2764 fieri
1179 2714 1333 2766 facile
1359 2718 1769 2782 suspicabuntur,

62 2786 152 2851 qui
186 2786 307 2837 talia
345 2800 443 2835 non
478 2786 653 2854 inepte
694 2785 827 2850 apud
863 2785 1129 2837 Platonem
1165 2790 1554 2839 commemorari
1588 2791 1769 2840 memi-

22 2872 26 2906 μ
59 2857 247 2922 μετίηι.
319 2857 507 2910 Narrat
539 2872 663 2908 vero
682 2855 1100 2911 Plutarchus
1121 2856 1204 2927 **)
1242 2860 1575 2924 Alcibiadem,
1613 2878 1767 2927 quum

22 2933 27 2977 ς
60 2925 293 2981 Socratis
341 2929 689 2983 familiaritate
735 2928 1030 2999 frueretur,
1086 2932 1367 2999 nonnullos
1411 2933 1574 2998 alios,
1629 2935 1770 2988 inter

63 3063 65 3065 ⁵
115 3084 173 3139 ⁸)
231 3088 283 3128 v.
314 3099 357 3138 p.
390 3089 488 3129 ios.
521 3089 572 3131 Β.

84 3169 170 3226 ⁸²⁶)
227 3171 275 3213 in
308 3173 409 3213 Vita
439 3173 701 3230 Alcibiadis,
738 3187 777 3217 c.
813 3178 856 3216 4.
891 3170 995 3225 ‹351ae
1024 3172 1273 3233 θαυμάζειν
1307 3173 1526 3233 ἅπαντας,
1567 3173 1762 3238 down-ae

226 3224 366 3272 αὑτὸν
394 3229 617 3287 Σωκράτει
645 3238 724 3288 μὲν
751 3233 1080 3275 συνδειπνοῦντα
1109 3235 1182 3276 καὶ
1212 3236 1539 3290 συμπαλαίοντα
1570 3238 1643 3279 καὶ
1681 3251 1760 3282 συ.

228 3287 484 3343 σκηνοῦντα,
532 3291 625 3337 τοῖς
667 3285 712 3333 δ’
751 3289 897 3341 ἄλλοις
934 3293 1136 3349 ‘quarente
1166 3289 1357 3349 χαλεπὸν
1399 3293 1502 3336 dum
1543 3296 1616 3336 καὶ
1656 3297 1762 3346 dvc..

225 3346 455 3402 χείριστον,
515 3346 645 3394 lutose
701 3346 748 3390 δὶ
798 3348 873 3389 καὶ
921 3348 1168 3393 παντάπασι
1217 3351 1411 3406 σοβαρῶς
1459 3351 1760 3411 προςφερὸμι-

226 3417 325 3455 σον,
361 3401 496 3456 ὥςπερ
517 3399 687 3468 '‘Ain-'wgo
728 3406 788 3461 u?
808 3402 1136 3462 Ἀνθεμίωνος·
1177 3403 1382 3466 ἱιὺγχαη
1412 3413 1488 3467 μὲν
1524 3411 1608 3469 γὰρ
1651 3413 1761 3469 δρῦν

227 3459 311 3505 τοῦ
345 3456 644 3518 mnae-ow,
693 3477 732 3506 a.
768 3479 807 3508 s.
850 3465 893 3509 2.
933 3468 1098 3513 Badera
1136 3469 1231 3514 tero
1269 3474 1508 3512 narrantur
1544 3469 1594 3514 in
1631 3473 1763 3516 nrm·
