<?xml version="1.0" encoding="UTF-8"?>
<!DOCTYPE html PUBLIC "-//W3C//DTD XHTML 1.0 Transitional//EN"
    "http://www.w3.org/TR/xhtml1/DTD/xhtml1-transitional.dtd">
<html xmlns="http://www.w3.org/1999/xhtml" xml:lang="en" lang="en">
 <head>
  <title>
</title>
<meta http-equiv="Content-Type" content="text/html;charset=utf-8" />
  <meta name='ocr-system' content='tesseract 3.04.00' />
  <meta name='ocr-capabilities' content='ocr_page ocr_carea ocr_par ocr_line ocrx_word'/>
</head>
<body>
  <div class='ocr_page' id='page_1' title='image "./s1s2operaomniare05platuoft_0389.png"; bbox 0 0 2066 3666; ppageno 0'>
   <div class='ocr_carea' id='block_1_1' title="bbox 605 82 1785 179">
    <p class='ocr_par' dir='ltr' id='par_1_1' title="bbox 605 82 1785 179">
     <span class='ocr_line' id='line_1_1' title="bbox 605 82 1785 179; baseline 0.002 -17"><span class='ocrx_word' id='word_1_1' title='bbox 605 82 1256 179; x_wconf 52' lang='lat' dir='ltr'><strong>enarrans</strong></span> <span class='ocrx_word' id='word_1_2' title='bbox 1713 111 1785 164; x_wconf 83' lang='lat' dir='ltr'><strong>n</strong></span> 
     </span>
    </p>
   </div>
   <div class='ocr_carea' id='block_1_2' title="bbox 86 252 1839 3413">
    <p class='ocr_par' dir='ltr' id='par_1_2' title="bbox 86 252 1824 1541">
     <span class='ocr_line' id='line_1_2' title="bbox 214 252 1786 322; baseline -0.001 -12"><span class='ocrx_word' id='word_1_3' title='bbox 214 258 611 322; x_wconf 47' lang='lat' dir='ltr'><strong>Primanorum,</strong></span> <span class='ocrx_word' id='word_1_4' title='bbox 652 253 1030 316; x_wconf 65' lang='lat' dir='ltr'><strong>vocabulorum⁴</strong></span> <span class='ocrx_word' id='word_1_5' title='bbox 1059 252 1240 313; x_wconf 73' lang='lat' dir='ltr'><strong>eadem</strong></span> <span class='ocrx_word' id='word_1_6' title='bbox 1273 254 1407 305; x_wconf 81' lang='lat' dir='ltr'><strong>ratio</strong></span> <span class='ocrx_word' id='word_1_7' title='bbox 1430 254 1526 315; x_wconf 57' lang='lat' dir='ltr'><strong>»sit</strong></span> <span class='ocrx_word' id='word_1_8' title='bbox 1567 271 1786 309; x_wconf 77' lang='lat' dir='ltr'><strong>necessa</strong></span> 
     </span>
     <span class='ocr_line' id='line_1_3' title="bbox 92 326 1790 397; baseline -0.001 -14"><span class='ocrx_word' id='word_1_9' title='bbox 92 338 207 392; x_wconf 83' lang='lat' dir='ltr'><strong>est,</strong></span> <span class='ocrx_word' id='word_1_10' title='bbox 244 347 373 397; x_wconf 85' lang='lat' dir='ltr'><strong>quae</strong></span> <span class='ocrx_word' id='word_1_11' title='bbox 407 330 746 390; x_wconf 65' lang='lat' dir='ltr'><strong>derivatorum</strong></span> <span class='ocrx_word' id='word_1_12' title='bbox 761 363 786 388; x_wconf 81' lang='grc'><strong>,,</strong></span> <span class='ocrx_word' id='word_1_13' title='bbox 824 341 978 391; x_wconf 81' lang='lat' dir='ltr'><strong>quum</strong></span> <span class='ocrx_word' id='word_1_14' title='bbox 1013 328 1069 375; x_wconf 90' lang='lat' dir='ltr'><strong>et</strong></span> <span class='ocrx_word' id='word_1_15' title='bbox 1102 326 1243 392; x_wconf 79' lang='lat' dir='ltr'><strong>ipsa,</strong></span> <span class='ocrx_word' id='word_1_16' title='bbox 1292 326 1540 391; x_wconf 83' lang='lat' dir='ltr'><strong>siquidem</strong></span> <span class='ocrx_word' id='word_1_17' title='bbox 1586 331 1790 381; x_wconf 76' lang='lat' dir='ltr'><strong>nomina</strong></span> 
     </span>
     <span class='ocr_line' id='line_1_4' title="bbox 90 398 1816 469; baseline 0.001 -16"><span class='ocrx_word' id='word_1_18' title='bbox 90 404 268 453; x_wconf 83' lang='lat' dir='ltr'><strong>futura</strong></span> <span class='ocrx_word' id='word_1_19' title='bbox 303 405 436 469; x_wconf 71' lang='lat' dir='ltr'><strong>sint,</strong></span> <span class='ocrx_word' id='word_1_20' title='bbox 470 415 643 451; x_wconf 88' lang='lat' dir='ltr'><strong>rerum</strong></span> <span class='ocrx_word' id='word_1_21' title='bbox 690 400 789 447; x_wconf 67' lang='lat' dir='ltr'><strong>vim</strong></span> <span class='ocrx_word' id='word_1_22' title='bbox 827 402 884 454; x_wconf 81' lang='lat' dir='ltr'><strong>et</strong></span> <span class='ocrx_word' id='word_1_23' title='bbox 917 400 1147 452; x_wconf 84' lang='lat' dir='ltr'><strong>naturam</strong></span> <span class='ocrx_word' id='word_1_24' title='bbox 1185 398 1470 464; x_wconf 83' lang='lat' dir='ltr'><strong>exprimant</strong></span> <span class='ocrx_word' id='word_1_25' title='bbox 1503 405 1558 449; x_wconf 90' lang='lat' dir='ltr'><strong>et</strong></span> <span class='ocrx_word' id='word_1_26' title='bbox 1593 402 1816 468; x_wconf 76' lang='lat' dir='ltr'><strong>signifi-·</strong></span> 
     </span>
     <span class='ocr_line' id='line_1_5' title="bbox 87 467 1791 539; baseline -0.004 -13"><span class='ocrx_word' id='word_1_27' title='bbox 87 481 224 530; x_wconf 79' lang='lat' dir='ltr'><strong>cent.</strong></span> <span class='ocrx_word' id='word_1_28' title='bbox 317 474 667 526; x_wconf 72' lang='lat' dir='ltr'>Veruntamen</span> <span class='ocrx_word' id='word_1_29' title='bbox 725 475 945 534; x_wconf 78' lang='lat' dir='ltr'><strong>utraque</strong></span> <span class='ocrx_word' id='word_1_30' title='bbox 1000 467 1245 520; x_wconf 70' lang='lat' dir='ltr'><strong>differunt</strong></span> <span class='ocrx_word' id='word_1_31' title='bbox 1299 486 1395 531; x_wconf 82' lang='lat' dir='ltr'><strong>eo,</strong></span> <span class='ocrx_word' id='word_1_32' title='bbox 1466 472 1598 535; x_wconf 86' lang='lat' dir='ltr'><strong>quod</strong></span> <span class='ocrx_word' id='word_1_33' title='bbox 1659 491 1791 539; x_wconf 73' lang='lat' dir='ltr'><strong>quae</strong></span> 
     </span>
     <span class='ocr_line' id='line_1_6' title="bbox 87 540 1820 611; baseline -0.001 -14"><span class='ocrx_word' id='word_1_34' title='bbox 87 546 293 611; x_wconf 81' lang='lat' dir='ltr'><strong>aliunde</strong></span> <span class='ocrx_word' id='word_1_35' title='bbox 326 545 480 601; x_wconf 80' lang='lat' dir='ltr'><strong>ducta</strong></span> <span class='ocrx_word' id='word_1_36' title='bbox 514 547 661 599; x_wconf 86' lang='lat' dir='ltr'><strong>sunt,</strong></span> <span class='ocrx_word' id='word_1_37' title='bbox 697 556 800 606; x_wconf 91' lang='lat' dir='ltr'><strong>ope</strong></span> <span class='ocrx_word' id='word_1_38' title='bbox 833 540 1202 606; x_wconf 78' lang='lat' dir='ltr'><strong>primitivorum</strong></span> <span class='ocrx_word' id='word_1_39' title='bbox 1238 557 1326 592; x_wconf 87' lang='lat' dir='ltr'><strong>res</strong></span> <span class='ocrx_word' id='word_1_40' title='bbox 1361 541 1611 605; x_wconf 73' lang='lat' dir='ltr'><strong>indicant,</strong></span> <span class='ocrx_word' id='word_1_41' title='bbox 1661 547 1820 595; x_wconf 62' lang='lat' dir='ltr'><strong>sim--⁴</strong></span> 
     </span>
     <span class='ocr_line' id='line_1_7' title="bbox 87 612 1791 686; baseline -0.001 -17"><span class='ocrx_word' id='word_1_42' title='bbox 87 620 241 686; x_wconf 84' lang='lat' dir='ltr'><strong>plicia</strong></span> <span class='ocrx_word' id='word_1_43' title='bbox 287 621 460 667; x_wconf 86' lang='lat' dir='ltr'><strong>autem</strong></span> <span class='ocrx_word' id='word_1_44' title='bbox 509 619 564 664; x_wconf 93' lang='lat' dir='ltr'><strong>et</strong></span> <span class='ocrx_word' id='word_1_45' title='bbox 609 613 861 678; x_wconf 79' lang='lat' dir='ltr'><strong>primitiva</strong></span> <span class='ocrx_word' id='word_1_46' title='bbox 911 612 1010 666; x_wconf 82' lang='lat' dir='ltr'><strong>alio</strong></span> <span class='ocrx_word' id='word_1_47' title='bbox 1057 612 1306 674; x_wconf 15' lang='lat' dir='ltr'><strong>idssmodo</strong></span> <span class='ocrx_word' id='word_1_48' title='bbox 1357 613 1605 665; x_wconf 86' lang='lat' dir='ltr'><strong>efficiunt.</strong></span> <span class='ocrx_word' id='word_1_49' title='bbox 1691 617 1791 680; x_wconf 74' lang='lat' dir='ltr'><strong>Qui</strong></span> 
     </span>
     <span class='ocr_line' id='line_1_8' title="bbox 87 683 1794 758; baseline -0.001 -19"><span class='ocrx_word' id='word_1_50' title='bbox 87 691 292 758; x_wconf 78' lang='lat' dir='ltr'><strong>quidem</strong></span> <span class='ocrx_word' id='word_1_51' title='bbox 329 685 644 754; x_wconf 77' lang='lat' dir='ltr'><strong>significandi</strong></span> <span class='ocrx_word' id='word_1_52' title='bbox 676 683 856 740; x_wconf 81' lang='lat' dir='ltr'><strong>modus</strong></span> <span class='ocrx_word' id='word_1_53' title='bbox 894 683 1056 750; x_wconf 88' lang='lat' dir='ltr'><strong>qualis</strong></span> <span class='ocrx_word' id='word_1_54' title='bbox 1087 684 1174 748; x_wconf 77' lang='lat' dir='ltr'><strong>sit,</strong></span> <span class='ocrx_word' id='word_1_55' title='bbox 1212 701 1276 736; x_wconf 84' lang='lat' dir='ltr'><strong>ex</strong></span> <span class='ocrx_word' id='word_1_56' title='bbox 1309 684 1392 735; x_wconf 86' lang='lat' dir='ltr'><strong>his</strong></span> <span class='ocrx_word' id='word_1_57' title='bbox 1428 687 1655 752; x_wconf 79' lang='lat' dir='ltr'><strong>perspici</strong></span> <span class='ocrx_word' id='word_1_58' title='bbox 1689 703 1794 753; x_wconf 85' lang='lat' dir='ltr'><strong>po-</strong></span> 
     </span>
     <span class='ocr_line' id='line_1_9' title="bbox 86 757 1792 823; baseline -0.006 -9"><span class='ocrx_word' id='word_1_59' title='bbox 86 763 233 813; x_wconf 81' lang='lat' dir='ltr'><strong>terit.</strong></span> <span class='ocrx_word' id='word_1_60' title='bbox 308 759 365 808; x_wconf 87' lang='lat' dir='ltr'><strong>Si</strong></span> <span class='ocrx_word' id='word_1_61' title='bbox 412 758 546 809; x_wconf 87' lang='lat' dir='ltr'><strong>enim</strong></span> <span class='ocrx_word' id='word_1_62' title='bbox 588 757 758 823; x_wconf 81' lang='lat' dir='ltr'><strong>lingua</strong></span> <span class='ocrx_word' id='word_1_63' title='bbox 804 761 860 806; x_wconf 91' lang='lat' dir='ltr'><strong>et</strong></span> <span class='ocrx_word' id='word_1_64' title='bbox 902 770 1030 806; x_wconf 79' lang='lat' dir='ltr'><strong>voce</strong></span> <span class='ocrx_word' id='word_1_65' title='bbox 1077 762 1322 808; x_wconf 72' lang='lat' dir='ltr'><strong>carentes</strong></span> <span class='ocrx_word' id='word_1_66' title='bbox 1357 773 1443 807; x_wconf 87' lang='lat' dir='ltr'><strong>res</strong></span> <span class='ocrx_word' id='word_1_67' title='bbox 1494 759 1640 810; x_wconf 89' lang='lat' dir='ltr'><strong>nobis</strong></span> <span class='ocrx_word' id='word_1_68' title='bbox 1690 760 1792 810; x_wconf 57' lang='lat' dir='ltr'><strong>cir.-</strong></span> 
     </span>
     <span class='ocr_line' id='line_1_10' title="bbox 88 828 1794 890; baseline -0.002 -6"><span class='ocrx_word' id='word_1_69' title='bbox 88 832 348 884; x_wconf 84' lang='lat' dir='ltr'><strong>cumdatas</strong></span> <span class='ocrx_word' id='word_1_70' title='bbox 395 829 642 884; x_wconf 74' lang='lat' dir='ltr'>vellemus</span> <span class='ocrx_word' id='word_1_71' title='bbox 693 828 916 878; x_wconf 89' lang='lat' dir='ltr'><strong>indicare</strong></span> <span class='ocrx_word' id='word_1_72' title='bbox 970 843 1031 877; x_wconf 86' lang='lat' dir='ltr'><strong>ao</strong></span> <span class='ocrx_word' id='word_1_73' title='bbox 1091 829 1388 890; x_wconf 78' lang='lat' dir='ltr'><strong>declarare,</strong></span> <span class='ocrx_word' id='word_1_74' title='bbox 1443 828 1579 880; x_wconf 88' lang='lat' dir='ltr'><strong>haud</strong></span> <span class='ocrx_word' id='word_1_75' title='bbox 1638 829 1794 890; x_wconf 83' lang='lat' dir='ltr'><strong>dubie</strong></span> 
     </span>
     <span class='ocr_line' id='line_1_11' title="bbox 87 900 1796 967; baseline -0.002 -11"><span class='ocrx_word' id='word_1_76' title='bbox 87 905 350 964; x_wconf 81' lang='lat' dir='ltr'><strong>manibus,</strong></span> <span class='ocrx_word' id='word_1_77' title='bbox 393 903 595 967; x_wconf 84' lang='lat' dir='ltr'><strong>capite,</strong></span> <span class='ocrx_word' id='word_1_78' title='bbox 643 900 858 964; x_wconf 85' lang='lat' dir='ltr'><strong>aliisque</strong></span> <span class='ocrx_word' id='word_1_79' title='bbox 894 900 1136 951; x_wconf 82' lang='lat' dir='ltr'><strong>membris</strong></span> <span class='ocrx_word' id='word_1_80' title='bbox 1172 902 1407 967; x_wconf 83' lang='lat' dir='ltr'><strong>corporis</strong></span> <span class='ocrx_word' id='word_1_81' title='bbox 1446 917 1534 952; x_wconf 86' lang='lat' dir='ltr'><strong>eas</strong></span> <span class='ocrx_word' id='word_1_82' title='bbox 1573 901 1796 953; x_wconf 87' lang='lat' dir='ltr'><strong>demon-</strong></span> 
     </span>
     <span class='ocr_line' id='line_1_12' title="bbox 89 971 1795 1040; baseline -0.003 -11"><span class='ocrx_word' id='word_1_83' title='bbox 89 983 401 1036; x_wconf 80' lang='lat' dir='ltr'><strong>straremus,</strong></span> <span class='ocrx_word' id='word_1_84' title='bbox 458 973 611 1024; x_wconf 85' lang='lat' dir='ltr'><strong>sicuti</strong></span> <span class='ocrx_word' id='word_1_85' title='bbox 656 971 799 1022; x_wconf 86' lang='lat' dir='ltr'><strong>surdi</strong></span> <span class='ocrx_word' id='word_1_86' title='bbox 846 977 903 1022; x_wconf 90' lang='lat' dir='ltr'><strong>et</strong></span> <span class='ocrx_word' id='word_1_87' title='bbox 946 974 1075 1023; x_wconf 87' lang='lat' dir='ltr'><strong>muti</strong></span> <span class='ocrx_word' id='word_1_88' title='bbox 1121 973 1299 1023; x_wconf 81' lang='lat' dir='ltr'><strong>facere</strong></span> <span class='ocrx_word' id='word_1_89' title='bbox 1346 973 1533 1024; x_wconf 84' lang='lat' dir='ltr'><strong>solent.</strong></span> <span class='ocrx_word' id='word_1_90' title='bbox 1614 974 1795 1040; x_wconf 85' lang='lat' dir='ltr'><strong>ltaque</strong></span> 
     </span>
     <span class='ocr_line' id='line_1_13' title="bbox 90 1043 1797 1115; baseline -0.002 -15"><span class='ocrx_word' id='word_1_91' title='bbox 90 1066 184 1111; x_wconf 79' lang='lat' dir='ltr'><strong>ea,</strong></span> <span class='ocrx_word' id='word_1_92' title='bbox 224 1064 355 1115; x_wconf 88' lang='lat' dir='ltr'><strong>quae</strong></span> <span class='ocrx_word' id='word_1_93' title='bbox 388 1061 590 1096; x_wconf 86' lang='lat' dir='ltr'><strong>sursum</strong></span> <span class='ocrx_word' id='word_1_94' title='bbox 626 1043 867 1097; x_wconf 85' lang='lat' dir='ltr'><strong>feruntur</strong></span> <span class='ocrx_word' id='word_1_95' title='bbox 901 1049 1055 1110; x_wconf 83' lang='lat' dir='ltr'><strong>atque</strong></span> <span class='ocrx_word' id='word_1_96' title='bbox 1090 1045 1220 1096; x_wconf 77' lang='lat' dir='ltr'><strong>levia</strong></span> <span class='ocrx_word' id='word_1_97' title='bbox 1267 1050 1412 1108; x_wconf 78' lang='lat' dir='ltr'><strong>sunt,</strong></span> <span class='ocrx_word' id='word_1_98' title='bbox 1458 1046 1797 1113; x_wconf 74' lang='lat' dir='ltr'><strong>significaturi</strong></span> 
     </span>
     <span class='ocr_line' id='line_1_14' title="bbox 89 1116 1795 1186; baseline -0.004 -13"><span class='ocrx_word' id='word_1_99' title='bbox 89 1137 268 1173; x_wconf 85' lang='lat' dir='ltr'><strong>manus</strong></span> <span class='ocrx_word' id='word_1_100' title='bbox 303 1119 505 1170; x_wconf 86' lang='lat' dir='ltr'><strong>coelum</strong></span> <span class='ocrx_word' id='word_1_101' title='bbox 540 1133 722 1168; x_wconf 69' lang='lat' dir='ltr'><strong>versus</strong></span> <span class='ocrx_word' id='word_1_102' title='bbox 757 1116 1088 1179; x_wconf 78' lang='lat' dir='ltr'><strong>tolleremus3</strong></span> <span class='ocrx_word' id='word_1_103' title='bbox 1126 1118 1372 1168; x_wconf 84' lang='lat' dir='ltr'><strong>inferiora</strong></span> <span class='ocrx_word' id='word_1_104' title='bbox 1397 1124 1568 1168; x_wconf 87' lang='lat' dir='ltr'><strong>autem</strong></span> <span class='ocrx_word' id='word_1_105' title='bbox 1593 1124 1648 1169; x_wconf 87' lang='lat' dir='ltr'><strong>et</strong></span> <span class='ocrx_word' id='word_1_106' title='bbox 1675 1134 1795 1186; x_wconf 49' lang='lat' dir='ltr'><strong>gra,</strong></span> 
     </span>
     <span class='ocr_line' id='line_1_15' title="bbox 90 1190 1795 1258; baseline -0.001 -16"><span class='ocrx_word' id='word_1_107' title='bbox 90 1195 188 1256; x_wconf 69' lang='lat' dir='ltr'><strong>via,</strong></span> <span class='ocrx_word' id='word_1_108' title='bbox 224 1209 313 1244; x_wconf 79' lang='lat' dir='ltr'><strong>eas</strong></span> <span class='ocrx_word' id='word_1_109' title='bbox 343 1191 766 1258; x_wconf 78' lang='lat' dir='ltr'><strong>demitteremus‚</strong></span> <span class='ocrx_word' id='word_1_110' title='bbox 802 1194 873 1238; x_wconf 55' lang='lat' dir='ltr'><strong>et&gt;</strong></span> <span class='ocrx_word' id='word_1_111' title='bbox 894 1204 1024 1255; x_wconf 87' lang='lat' dir='ltr'><strong>qnae</strong></span> <span class='ocrx_word' id='word_1_112' title='bbox 1061 1195 1180 1240; x_wconf 85' lang='lat' dir='ltr'><strong>sunt</strong></span> <span class='ocrx_word' id='word_1_113' title='bbox 1213 1190 1266 1240; x_wconf 93' lang='lat' dir='ltr'><strong>id</strong></span> <span class='ocrx_word' id='word_1_114' title='bbox 1303 1207 1464 1257; x_wconf 84' lang='lat' dir='ltr'><strong>genus</strong></span> <span class='ocrx_word' id='word_1_115' title='bbox 1500 1191 1595 1240; x_wconf 83' lang='lat' dir='ltr'><strong>alia</strong></span> <span class='ocrx_word' id='word_1_116' title='bbox 1633 1192 1795 1257; x_wconf 78' lang='lat' dir='ltr'><strong>signa.</strong></span> 
     </span>
     <span class='ocr_line' id='line_1_16' title="bbox 91 1255 1824 1328; baseline -0.002 -11"><span class='ocrx_word' id='word_1_117' title='bbox 91 1267 197 1317; x_wconf 85' lang='lat' dir='ltr'><strong>lam</strong></span> <span class='ocrx_word' id='word_1_118' title='bbox 232 1256 356 1315; x_wconf 73' lang='lat' dir='ltr'><strong>vero</strong></span> <span class='ocrx_word' id='word_1_119' title='bbox 391 1255 565 1328; x_wconf 83' lang='lat' dir='ltr'><strong>liug&#39;ua</strong></span> <span class='ocrx_word' id='word_1_120' title='bbox 599 1268 656 1312; x_wconf 91' lang='lat' dir='ltr'><strong>et</strong></span> <span class='ocrx_word' id='word_1_121' title='bbox 690 1276 783 1311; x_wconf 90' lang='lat' dir='ltr'><strong>ore</strong></span> <span class='ocrx_word' id='word_1_122' title='bbox 815 1277 903 1311; x_wconf 90' lang='lat' dir='ltr'><strong>res</strong></span> <span class='ocrx_word' id='word_1_123' title='bbox 940 1261 1287 1327; x_wconf 82' lang='lat' dir='ltr'><strong>significantes</strong></span> <span class='ocrx_word' id='word_1_124' title='bbox 1336 1263 1455 1328; x_wconf 89' lang='lat' dir='ltr'><strong>quid</strong></span> <span class='ocrx_word' id='word_1_125' title='bbox 1493 1263 1629 1312; x_wconf 85' lang='lat' dir='ltr'><strong>aliud</strong></span> <span class='ocrx_word' id='word_1_126' title='bbox 1662 1263 1824 1313; x_wconf 65' lang='lat' dir='ltr'><strong>faci-n·</strong></span> 
     </span>
     <span class='ocr_line' id='line_1_17' title="bbox 91 1333 1798 1404; baseline -0.001 -17"><span class='ocrx_word' id='word_1_127' title='bbox 91 1354 237 1400; x_wconf 79' lang='lat' dir='ltr'><strong>mus,</strong></span> <span class='ocrx_word' id='word_1_128' title='bbox 293 1352 441 1404; x_wconf 85' lang='lat' dir='ltr'><strong>quam</strong></span> <span class='ocrx_word' id='word_1_129' title='bbox 489 1350 577 1384; x_wconf 86' lang='lat' dir='ltr'><strong>eas</strong></span> <span class='ocrx_word' id='word_1_130' title='bbox 639 1333 851 1401; x_wconf 87' lang='lat' dir='ltr'><strong>quadam</strong></span> <span class='ocrx_word' id='word_1_131' title='bbox 904 1334 1190 1385; x_wconf 80' lang='lat' dir='ltr'><strong>imitatione</strong></span> <span class='ocrx_word' id='word_1_132' title='bbox 1248 1336 1611 1401; x_wconf 72' lang='lat' dir='ltr'><strong>exprimimns‘!</strong></span> <span class='ocrx_word' id='word_1_133' title='bbox 1693 1336 1798 1387; x_wconf 81' lang='lat' dir='ltr'><strong>Est</strong></span> 
     </span>
     <span class='ocr_line' id='line_1_18' title="bbox 89 1404 1796 1476; baseline -0.001 -16"><span class='ocrx_word' id='word_1_134' title='bbox 89 1411 249 1476; x_wconf 77' lang='lat' dir='ltr'><strong>igitur</strong></span> <span class='ocrx_word' id='word_1_135' title='bbox 294 1424 480 1459; x_wconf 88' lang='lat' dir='ltr'><strong>nomen</strong></span> <span class='ocrx_word' id='word_1_136' title='bbox 521 1407 893 1457; x_wconf 74' lang='lat' dir='ltr'><strong>imitamentum</strong></span> <span class='ocrx_word' id='word_1_137' title='bbox 936 1422 1110 1474; x_wconf 76' lang='lat' dir='ltr'><strong>rerum</strong></span> <span class='ocrx_word' id='word_1_138' title='bbox 1145 1422 1272 1457; x_wconf 70' lang='lat' dir='ltr'><strong>voce</strong></span> <span class='ocrx_word' id='word_1_139' title='bbox 1310 1404 1369 1457; x_wconf 83' lang='lat' dir='ltr'><strong>ex</strong></span> <span class='ocrx_word' id='word_1_140' title='bbox 1410 1424 1639 1468; x_wconf 83' lang='lat' dir='ltr'><strong>ressum,</strong></span> <span class='ocrx_word' id='word_1_141' title='bbox 1692 1422 1796 1476; x_wconf 83' lang='lat' dir='ltr'><strong>quo</strong></span> 
     </span>
     <span class='ocr_line' id='line_1_19' title="bbox 91 1479 1796 1541; baseline -0.002 -9"><span class='ocrx_word' id='word_1_142' title='bbox 91 1484 264 1532; x_wconf 81' lang='lat' dir='ltr'><strong>earum</strong></span> <span class='ocrx_word' id='word_1_143' title='bbox 299 1482 376 1530; x_wconf 72' lang='lat' dir='ltr'><strong>vis</strong></span> <span class='ocrx_word' id='word_1_144' title='bbox 415 1486 469 1533; x_wconf 85' lang='lat' dir='ltr'><strong>et</strong></span> <span class='ocrx_word' id='word_1_145' title='bbox 502 1487 682 1536; x_wconf 83' lang='lat' dir='ltr'><strong>natura</strong></span> <span class='ocrx_word' id='word_1_146' title='bbox 720 1479 1026 1529; x_wconf 77' lang='lat' dir='ltr'><strong>declaretur.</strong></span> <span class='ocrx_word' id='word_1_147' title='bbox 1107 1479 1165 1531; x_wconf 89' lang='lat' dir='ltr'><strong>P.</strong></span> <span class='ocrx_word' id='word_1_148' title='bbox 1203 1479 1326 1535; x_wconf 67' lang='lat'><strong>421.</strong></span> <span class='ocrx_word' id='word_1_149' title='bbox 1411 1515 1424 1530; x_wconf 92' lang='lat'><strong>.</strong></span> <span class='ocrx_word' id='word_1_150' title='bbox 1460 1508 1534 1526; x_wconf 89' lang='lat'><strong>-.—-</strong></span> <span class='ocrx_word' id='word_1_151' title='bbox 1570 1479 1693 1541; x_wconf 60' lang='lat'><strong>424.</strong></span> <span class='ocrx_word' id='word_1_152' title='bbox 1731 1479 1796 1531; x_wconf 84' lang='lat' dir='ltr'><strong>A.</strong></span> 
     </span>
    </p>

    <p class='ocr_par' dir='ltr' id='par_1_3' title="bbox 87 1550 1839 3413">
     <span class='ocr_line' id='line_1_20' title="bbox 231 1550 1800 1618; baseline 0.001 -17"><span class='ocrx_word' id='word_1_153' title='bbox 231 1552 548 1618; x_wconf 74' lang='lat' dir='ltr'><strong>Exprimitur</strong></span> <span class='ocrx_word' id='word_1_154' title='bbox 567 1550 737 1601; x_wconf 72' lang='lat' dir='ltr'><strong>aufem</strong></span> <span class='ocrx_word' id='word_1_155' title='bbox 774 1567 947 1604; x_wconf 84' lang='lat' dir='ltr'><strong>rerum</strong></span> <span class='ocrx_word' id='word_1_156' title='bbox 980 1551 1054 1601; x_wconf 70' lang='lat' dir='ltr'><strong>vis</strong></span> <span class='ocrx_word' id='word_1_157' title='bbox 1093 1555 1147 1600; x_wconf 91' lang='lat' dir='ltr'><strong>et</strong></span> <span class='ocrx_word' id='word_1_158' title='bbox 1180 1556 1360 1602; x_wconf 85' lang='lat' dir='ltr'><strong>natura</strong></span> <span class='ocrx_word' id='word_1_159' title='bbox 1395 1553 1604 1616; x_wconf 71' lang='lat' dir='ltr'><strong>syllabis</strong></span> <span class='ocrx_word' id='word_1_160' title='bbox 1628 1557 1800 1618; x_wconf 10' lang='lat' dir='ltr'><strong>&#39;atque</strong></span> 
     </span>
     <span class='ocr_line' id='line_1_21' title="bbox 87 1622 1839 1689; baseline -0.001 -14"><span class='ocrx_word' id='word_1_161' title='bbox 87 1622 352 1676; x_wconf 83' lang='lat' dir='ltr'><strong>literarum</strong></span> <span class='ocrx_word' id='word_1_162' title='bbox 375 1624 662 1672; x_wconf 77' lang='lat' dir='ltr'><strong>clementis.</strong></span> <span class='ocrx_word' id='word_1_163' title='bbox 714 1623 884 1685; x_wconf 80' lang='lat' dir='ltr'><strong>Quare</strong></span> <span class='ocrx_word' id='word_1_164' title='bbox 909 1623 1128 1688; x_wconf 84' lang='lat' dir='ltr'><strong>primum</strong></span> <span class='ocrx_word' id='word_1_165' title='bbox 1156 1622 1220 1672; x_wconf 88' lang='lat' dir='ltr'><strong>de</strong></span> <span class='ocrx_word' id='word_1_166' title='bbox 1255 1623 1338 1676; x_wconf 84' lang='lat' dir='ltr'><strong>his</strong></span> <span class='ocrx_word' id='word_1_167' title='bbox 1364 1622 1491 1689; x_wconf 85' lang='lat' dir='ltr'><strong>ipsis</strong></span> <span class='ocrx_word' id='word_1_168' title='bbox 1529 1622 1802 1683; x_wconf 87' lang='lat' dir='ltr'><strong>dicendum</strong></span> <span class='ocrx_word' id='word_1_169' title='bbox 1834 1660 1839 1677; x_wconf 50' lang='lat' dir='ltr'><strong><em>s</em></strong></span> 
     </span>
     <span class='ocr_line' id='line_1_22' title="bbox 89 1694 1804 1759; baseline -0.002 -11"><span class='ocrx_word' id='word_1_170' title='bbox 89 1698 206 1751; x_wconf 80' lang='lat' dir='ltr'><strong>erit.</strong></span> <span class='ocrx_word' id='word_1_171' title='bbox 277 1696 354 1747; x_wconf 73' lang='lat' dir='ltr'><strong>Et</strong></span> <span class='ocrx_word' id='word_1_172' title='bbox 378 1696 640 1746; x_wconf 82' lang='lat' dir='ltr'><strong>literarum</strong></span> <span class='ocrx_word' id='word_1_173' title='bbox 667 1694 869 1759; x_wconf 80' lang='lat' dir='ltr'><strong>quidem</strong></span> <span class='ocrx_word' id='word_1_174' title='bbox 891 1694 1019 1745; x_wconf 87' lang='lat' dir='ltr'><strong>aliae</strong></span> <span class='ocrx_word' id='word_1_175' title='bbox 1055 1699 1173 1745; x_wconf 88' lang='lat' dir='ltr'><strong>sunt</strong></span> <span class='ocrx_word' id='word_1_176' title='bbox 1205 1695 1427 1757; x_wconf 70' lang='lat' dir='ltr'><strong>vocales,</strong></span> <span class='ocrx_word' id='word_1_177' title='bbox 1464 1696 1594 1753; x_wconf 88' lang='lat' dir='ltr'><strong>aliae</strong></span> <span class='ocrx_word' id='word_1_178' title='bbox 1631 1699 1804 1745; x_wconf 83' lang='lat' dir='ltr'><strong>mutae</strong></span> 
     </span>
     <span class='ocr_line' id='line_1_23' title="bbox 90 1766 1803 1834; baseline -0.002 -14"><span class='ocrx_word' id='word_1_179' title='bbox 90 1785 364 1831; x_wconf 73' lang='lat' dir='ltr'><strong>consonae,</strong></span> <span class='ocrx_word' id='word_1_180' title='bbox 388 1767 519 1818; x_wconf 86' lang='lat' dir='ltr'><strong>aliae</strong></span> <span class='ocrx_word' id='word_1_181' title='bbox 543 1766 891 1820; x_wconf 70' lang='lat' dir='ltr'><strong>semivocales,</strong></span> <span class='ocrx_word' id='word_1_182' title='bbox 928 1766 1074 1816; x_wconf 86' lang='lat' dir='ltr'><strong>Haec</strong></span> <span class='ocrx_word' id='word_1_183' title='bbox 1095 1766 1356 1817; x_wconf 85' lang='lat' dir='ltr'><strong>literarum</strong></span> <span class='ocrx_word' id='word_1_184' title='bbox 1373 1784 1564 1834; x_wconf 83' lang='lat' dir='ltr'><strong>genera</strong></span> <span class='ocrx_word' id='word_1_185' title='bbox 1587 1784 1700 1825; x_wconf 82' lang='lat' dir='ltr'><strong>cnm</strong></span> <span class='ocrx_word' id='word_1_186' title='bbox 1717 1783 1803 1817; x_wconf 88' lang='lat' dir='ltr'><strong>re-</strong></span> 
     </span>
     <span class='ocr_line' id='line_1_24' title="bbox 89 1837 1802 1909; baseline -0.001 -17"><span class='ocrx_word' id='word_1_187' title='bbox 89 1842 189 1892; x_wconf 87' lang='lat' dir='ltr'><strong>bus</strong></span> <span class='ocrx_word' id='word_1_188' title='bbox 223 1842 353 1909; x_wconf 81' lang='lat' dir='ltr'><strong>ipsis</strong></span> <span class='ocrx_word' id='word_1_189' title='bbox 390 1838 724 1909; x_wconf 82' lang='lat' dir='ltr'><strong>comparanda</strong></span> <span class='ocrx_word' id='word_1_190' title='bbox 740 1843 878 1899; x_wconf 56' lang='lat' dir='ltr'><strong>sunt.</strong></span> <span class='ocrx_word' id='word_1_191' title='bbox 899 1837 1290 1904; x_wconf 74' lang='lat' dir='ltr'><strong>videndumque,</strong></span> <span class='ocrx_word' id='word_1_192' title='bbox 1331 1841 1451 1905; x_wconf 87' lang='lat' dir='ltr'><strong>quid</strong></span> <span class='ocrx_word' id='word_1_193' title='bbox 1487 1842 1538 1890; x_wconf 87' lang='lat' dir='ltr'><strong>in</strong></span> <span class='ocrx_word' id='word_1_194' title='bbox 1575 1841 1657 1891; x_wconf 86' lang='lat' dir='ltr'><strong>his</strong></span> <span class='ocrx_word' id='word_1_195' title='bbox 1686 1851 1802 1891; x_wconf 83' lang='lat' dir='ltr'><strong>cum</strong></span> 
     </span>
     <span class='ocr_line' id='line_1_25' title="bbox 91 1911 1806 1976; baseline -0.001 -12"><span class='ocrx_word' id='word_1_196' title='bbox 91 1914 195 1964; x_wconf 82' lang='lat' dir='ltr'><strong>illis</strong></span> <span class='ocrx_word' id='word_1_197' title='bbox 219 1911 512 1964; x_wconf 83' lang='lat' dir='ltr'><strong>concordet.</strong></span> <span class='ocrx_word' id='word_1_198' title='bbox 587 1911 665 1962; x_wconf 88' lang='lat' dir='ltr'><strong>lta</strong></span> <span class='ocrx_word' id='word_1_199' title='bbox 687 1911 820 1960; x_wconf 89' lang='lat' dir='ltr'><strong>enim</strong></span> <span class='ocrx_word' id='word_1_200' title='bbox 842 1911 1087 1976; x_wconf 73' lang='lat' dir='ltr'><strong>prudenti</strong></span> <span class='ocrx_word' id='word_1_201' title='bbox 1113 1913 1360 1963; x_wconf 82' lang='lat' dir='ltr'><strong>variarum</strong></span> <span class='ocrx_word' id='word_1_202' title='bbox 1382 1912 1645 1970; x_wconf 84' lang='lat' dir='ltr'><strong>literarum</strong></span> <span class='ocrx_word' id='word_1_203' title='bbox 1666 1917 1806 1969; x_wconf 82' lang='lat' dir='ltr'><strong>tem-</strong></span> 
     </span>
     <span class='ocr_line' id='line_1_26' title="bbox 94 1982 1804 2053; baseline -0.001 -16"><span class='ocrx_word' id='word_1_204' title='bbox 94 1992 392 2053; x_wconf 84' lang='lat' dir='ltr'><strong>peramento</strong></span> <span class='ocrx_word' id='word_1_205' title='bbox 411 1982 657 2034; x_wconf 71' lang='lat' dir='ltr'><strong>vocabula</strong></span> <span class='ocrx_word' id='word_1_206' title='bbox 679 1984 910 2032; x_wconf 87' lang='lat' dir='ltr'><strong>orientur</strong></span> <span class='ocrx_word' id='word_1_207' title='bbox 943 1983 1074 2049; x_wconf 87' lang='lat' dir='ltr'><strong>ipsis</strong></span> <span class='ocrx_word' id='word_1_208' title='bbox 1095 1983 1251 2034; x_wconf 88' lang='lat' dir='ltr'><strong>rebus</strong></span> <span class='ocrx_word' id='word_1_209' title='bbox 1276 1999 1501 2051; x_wconf 83' lang='lat' dir='ltr'><strong>congrua</strong></span> <span class='ocrx_word' id='word_1_210' title='bbox 1521 1990 1578 2035; x_wconf 88' lang='lat' dir='ltr'><strong>et</strong></span> <span class='ocrx_word' id='word_1_211' title='bbox 1600 1983 1804 2042; x_wconf 78' lang='lat' dir='ltr'><strong>accom-</strong></span> 
     </span>
     <span class='ocr_line' id='line_1_27' title="bbox 97 2054 1806 2123; baseline -0.002 -14"><span class='ocrx_word' id='word_1_212' title='bbox 97 2058 319 2118; x_wconf 86' lang='lat' dir='ltr'><strong>modata,</strong></span> <span class='ocrx_word' id='word_1_213' title='bbox 347 2073 409 2107; x_wconf 80' lang='lat' dir='ltr'><strong>ex</strong></span> <span class='ocrx_word' id='word_1_214' title='bbox 434 2056 615 2122; x_wconf 82' lang='lat' dir='ltr'><strong>quibus</strong></span> <span class='ocrx_word' id='word_1_215' title='bbox 638 2054 822 2105; x_wconf 88' lang='lat' dir='ltr'><strong>deinde</strong></span> <span class='ocrx_word' id='word_1_216' title='bbox 847 2060 1183 2121; x_wconf 87' lang='lat' dir='ltr'><strong>componetur</strong></span> <span class='ocrx_word' id='word_1_217' title='bbox 1205 2057 1389 2118; x_wconf 73' lang='lat' dir='ltr'><strong>oratio,</strong></span> <span class='ocrx_word' id='word_1_218' title='bbox 1414 2058 1640 2123; x_wconf 80' lang='lat' dir='ltr'><strong>quaesit</strong></span> <span class='ocrx_word' id='word_1_219' title='bbox 1664 2055 1806 2106; x_wconf 77' lang='lat' dir='ltr'><strong>velut</strong></span> 
     </span>
     <span class='ocr_line' id='line_1_28' title="bbox 94 2127 1809 2199; baseline -0.002 -18"><span class='ocrx_word' id='word_1_220' title='bbox 94 2132 297 2199; x_wconf 81' lang='lat' dir='ltr'><strong>pictura</strong></span> <span class='ocrx_word' id='word_1_221' title='bbox 330 2129 577 2195; x_wconf 84' lang='lat' dir='ltr'><strong>quaedam</strong></span> <span class='ocrx_word' id='word_1_222' title='bbox 602 2144 774 2178; x_wconf 86' lang='lat' dir='ltr'><strong>rerum</strong></span> <span class='ocrx_word' id='word_1_223' title='bbox 799 2128 949 2177; x_wconf 80' lang='lat' dir='ltr'><strong>variis</strong></span> <span class='ocrx_word' id='word_1_224' title='bbox 969 2127 1246 2190; x_wconf 78' lang='lat' dir='ltr'><strong>coloribus,</strong></span> <span class='ocrx_word' id='word_1_225' title='bbox 1285 2129 1370 2194; x_wconf 88' lang='lat' dir='ltr'><strong>qui</strong></span> <span class='ocrx_word' id='word_1_226' title='bbox 1400 2146 1570 2179; x_wconf 89' lang='lat' dir='ltr'><strong>earnm</strong></span> <span class='ocrx_word' id='word_1_227' title='bbox 1593 2134 1809 2180; x_wconf 87' lang='lat' dir='ltr'><strong>naturae</strong></span> 
     </span>
     <span class='ocr_line' id='line_1_29' title="bbox 94 2199 1808 2267; baseline -0.002 -13"><span class='ocrx_word' id='word_1_228' title='bbox 94 2203 412 2263; x_wconf 74' lang='lat' dir='ltr'><strong>conveniant,</strong></span> <span class='ocrx_word' id='word_1_229' title='bbox 436 2207 694 2251; x_wconf 81' lang='lat' dir='ltr'><strong>exornata.</strong></span> <span class='ocrx_word' id='word_1_230' title='bbox 731 2199 835 2249; x_wconf 77' lang='lat' dir='ltr'><strong>lam</strong></span> <span class='ocrx_word' id='word_1_231' title='bbox 853 2200 954 2249; x_wconf 83' lang='lat' dir='ltr'><strong>etsi</strong></span> <span class='ocrx_word' id='word_1_232' title='bbox 977 2199 1295 2251; x_wconf 62' lang='lat' dir='ltr'><strong>difficile‘est</strong></span> <span class='ocrx_word' id='word_1_233' title='bbox 1314 2201 1379 2250; x_wconf 89' lang='lat' dir='ltr'><strong>de</strong></span> <span class='ocrx_word' id='word_1_234' title='bbox 1399 2203 1526 2267; x_wconf 82' lang='lat' dir='ltr'><strong>ipsis</strong></span> <span class='ocrx_word' id='word_1_235' title='bbox 1546 2201 1808 2251; x_wconf 74' lang='lat' dir='ltr'><strong>vocabulis</strong></span> 
     </span>
     <span class='ocr_line' id='line_1_30' title="bbox 96 2270 1808 2340; baseline -0.003 -14"><span class='ocrx_word' id='word_1_236' title='bbox 96 2290 376 2340; x_wconf 86' lang='lat' dir='ltr'><strong>eorumque</strong></span> <span class='ocrx_word' id='word_1_237' title='bbox 399 2273 707 2340; x_wconf 80' lang='lat' dir='ltr'><strong>formatione</strong></span> <span class='ocrx_word' id='word_1_238' title='bbox 731 2271 989 2333; x_wconf 77' lang='lat' dir='ltr'><strong>iudicium,</strong></span> <span class='ocrx_word' id='word_1_239' title='bbox 1016 2270 1202 2334; x_wconf 77' lang='lat' dir='ltr'><strong>tamen,</strong></span> <span class='ocrx_word' id='word_1_240' title='bbox 1232 2274 1465 2338; x_wconf 81' lang='lat' dir='ltr'><strong>quoniam</strong></span> <span class='ocrx_word' id='word_1_241' title='bbox 1490 2290 1599 2323; x_wconf 87' lang='lat' dir='ltr'><strong>rem</strong></span> <span class='ocrx_word' id='word_1_242' title='bbox 1618 2275 1692 2324; x_wconf 89' lang='lat' dir='ltr'><strong>ita</strong></span> <span class='ocrx_word' id='word_1_243' title='bbox 1704 2277 1808 2322; x_wconf 78' lang='lat' dir='ltr'><strong>&#39;ex-</strong></span> 
     </span>
     <span class='ocr_line' id='line_1_31' title="bbox 99 2344 1807 2415; baseline -0.002 -17"><span class='ocrx_word' id='word_1_244' title='bbox 99 2348 280 2414; x_wconf 82' lang='lat' dir='ltr'><strong>plicari</strong></span> <span class='ocrx_word' id='word_1_245' title='bbox 315 2362 409 2412; x_wconf 83' lang='lat' dir='ltr'><strong>par</strong></span> <span class='ocrx_word' id='word_1_246' title='bbox 444 2351 546 2407; x_wconf 83' lang='lat' dir='ltr'><strong>est,</strong></span> <span class='ocrx_word' id='word_1_247' title='bbox 582 2345 813 2415; x_wconf 33' lang='lat' dir='ltr'><strong>experiri-</strong></span> <span class='ocrx_word' id='word_1_248' title='bbox 837 2345 991 2405; x_wconf 77' lang='lat' dir='ltr'><strong>iuvat,</strong></span> <span class='ocrx_word' id='word_1_249' title='bbox 1031 2344 1150 2410; x_wconf 86' lang='lat' dir='ltr'><strong>quid</strong></span> <span class='ocrx_word' id='word_1_250' title='bbox 1187 2344 1405 2396; x_wconf 83' lang='lat' dir='ltr'><strong>efficere</strong></span> <span class='ocrx_word' id='word_1_251' title='bbox 1442 2351 1498 2396; x_wconf 90' lang='lat' dir='ltr'><strong>et</strong></span> <span class='ocrx_word' id='word_1_252' title='bbox 1530 2347 1807 2411; x_wconf 82' lang='lat' dir='ltr'><strong>profligare</strong></span> 
     </span>
     <span class='ocr_line' id='line_1_32' title="bbox 101 2415 1804 2486; baseline -0.001 -18"><span class='ocrx_word' id='word_1_253' title='bbox 101 2421 373 2486; x_wconf 84' lang='lat' dir='ltr'><strong>possimus.</strong></span> <span class='ocrx_word' id='word_1_254' title='bbox 444 2417 574 2468; x_wconf 87' lang='lat' dir='ltr'><strong>Nam</strong></span> <span class='ocrx_word' id='word_1_255' title='bbox 608 2418 696 2482; x_wconf 89' lang='lat' dir='ltr'><strong>qui</strong></span> <span class='ocrx_word' id='word_1_256' title='bbox 731 2415 905 2466; x_wconf 87' lang='lat' dir='ltr'><strong>dicunt</strong></span> <span class='ocrx_word' id='word_1_257' title='bbox 933 2418 1149 2478; x_wconf 79' lang='lat' dir='ltr'><strong>nomina,</strong></span> <span class='ocrx_word' id='word_1_258' title='bbox 1187 2419 1303 2483; x_wconf 85' lang='lat' dir='ltr'><strong>quia</strong></span> <span class='ocrx_word' id='word_1_259' title='bbox 1330 2418 1413 2467; x_wconf 74' lang='lat' dir='ltr'><strong>vel</strong></span> <span class='ocrx_word' id='word_1_260' title='bbox 1448 2435 1478 2467; x_wconf 88' lang='lat' dir='ltr'><strong>a</strong></span> <span class='ocrx_word' id='word_1_261' title='bbox 1512 2418 1609 2468; x_wconf 87' lang='lat' dir='ltr'><strong>diis</strong></span> <span class='ocrx_word' id='word_1_262' title='bbox 1645 2419 1804 2468; x_wconf 73' lang='lat' dir='ltr'><strong>rebus</strong></span> 
     </span>
     <span class='ocr_line' id='line_1_33' title="bbox 104 2489 1805 2557; baseline -0.002 -15"><span class='ocrx_word' id='word_1_263' title='bbox 104 2491 345 2557; x_wconf 71' lang='lat' dir='ltr'><strong>imposita</strong></span> <span class='ocrx_word' id='word_1_264' title='bbox 377 2490 460 2540; x_wconf 68' lang='lat' dir='ltr'><strong>vel</strong></span> <span class='ocrx_word' id='word_1_265' title='bbox 506 2505 538 2540; x_wconf 84' lang='lat' dir='ltr'><strong>a</strong></span> <span class='ocrx_word' id='word_1_266' title='bbox 568 2489 801 2540; x_wconf 84' lang='lat' dir='ltr'><strong>barbaris</strong></span> <span class='ocrx_word' id='word_1_267' title='bbox 837 2494 1053 2554; x_wconf 87' lang='lat' dir='ltr'><strong>accepta</strong></span> <span class='ocrx_word' id='word_1_268' title='bbox 1086 2489 1168 2539; x_wconf 70' lang='lat' dir='ltr'><strong>vel</strong></span> <span class='ocrx_word' id='word_1_269' title='bbox 1202 2496 1462 2540; x_wconf 83' lang='lat' dir='ltr'><strong>vetustate</strong></span> <span class='ocrx_word' id='word_1_270' title='bbox 1510 2507 1600 2542; x_wconf 86' lang='lat' dir='ltr'><strong>sua</strong></span> <span class='ocrx_word' id='word_1_271' title='bbox 1651 2491 1805 2540; x_wconf 85' lang='lat' dir='ltr'><strong>obso-</strong></span> 
     </span>
     <span class='ocr_line' id='line_1_34' title="bbox 104 2561 1808 2629; baseline -0.002 -15"><span class='ocrx_word' id='word_1_272' title='bbox 104 2565 209 2614; x_wconf 86' lang='lat' dir='ltr'><strong>leta</strong></span> <span class='ocrx_word' id='word_1_273' title='bbox 258 2565 395 2622; x_wconf 77' lang='lat' dir='ltr'><strong>siut,</strong></span> <span class='ocrx_word' id='word_1_274' title='bbox 443 2576 545 2612; x_wconf 89' lang='lat' dir='ltr'><strong>non</strong></span> <span class='ocrx_word' id='word_1_275' title='bbox 587 2576 746 2627; x_wconf 82' lang='lat' dir='ltr'><strong>posse</strong></span> <span class='ocrx_word' id='word_1_276' title='bbox 794 2561 1060 2611; x_wconf 89' lang='lat' dir='ltr'><strong>commode</strong></span> <span class='ocrx_word' id='word_1_277' title='bbox 1110 2562 1382 2628; x_wconf 76' lang='lat' dir='ltr'><strong>explicari,</strong></span> <span class='ocrx_word' id='word_1_278' title='bbox 1429 2564 1464 2612; x_wconf 86' lang='lat' dir='ltr'><strong>ii</strong></span> <span class='ocrx_word' id='word_1_279' title='bbox 1514 2579 1611 2613; x_wconf 89' lang='lat' dir='ltr'><strong>non</strong></span> <span class='ocrx_word' id='word_1_280' title='bbox 1649 2578 1808 2629; x_wconf 86' lang='lat' dir='ltr'><strong>repu-</strong></span> 
     </span>
     <span class='ocr_line' id='line_1_35' title="bbox 106 2633 1807 2701; baseline -0.002 -14"><span class='ocrx_word' id='word_1_281' title='bbox 106 2642 242 2693; x_wconf 74' lang='lat' dir='ltr'><strong>tant,</strong></span> <span class='ocrx_word' id='word_1_282' title='bbox 302 2633 540 2700; x_wconf 81' lang='lat' dir='ltr'><strong>neglecta</strong></span> <span class='ocrx_word' id='word_1_283' title='bbox 598 2633 965 2699; x_wconf 75' lang='lat' dir='ltr'><strong>primitivorum</strong></span> <span class='ocrx_word' id='word_1_284' title='bbox 1027 2635 1298 2685; x_wconf 75' lang='lat' dir='ltr'><strong>verborum</strong></span> <span class='ocrx_word' id='word_1_285' title='bbox 1358 2636 1807 2701; x_wconf 74' lang='lat' dir='ltr'><strong>interpretatione,</strong></span> 
     </span>
     <span class='ocr_line' id='line_1_36' title="bbox 103 2702 1808 2774; baseline -0.002 -15"><span class='ocrx_word' id='word_1_286' title='bbox 103 2707 435 2759; x_wconf 68' lang='lat' dir='ltr'><strong>ite-derivata</strong></span> <span class='ocrx_word' id='word_1_287' title='bbox 466 2704 667 2771; x_wconf 86' lang='lat' dir='ltr'><strong>quidem</strong></span> <span class='ocrx_word' id='word_1_288' title='bbox 704 2711 852 2757; x_wconf 86' lang='lat' dir='ltr'><strong>recte</strong></span> <span class='ocrx_word' id='word_1_289' title='bbox 876 2702 1130 2771; x_wconf 75' lang='lat' dir='ltr'><strong>&#39;explicari</strong></span> <span class='ocrx_word' id='word_1_290' title='bbox 1163 2723 1347 2772; x_wconf 82' lang='lat' dir='ltr'><strong>posse..</strong></span> <span class='ocrx_word' id='word_1_291' title='bbox 1405 2709 1656 2772; x_wconf 62' lang='lat' dir='ltr'><strong>Quocirca</strong></span> <span class='ocrx_word' id='word_1_292' title='bbox 1693 2707 1808 2774; x_wconf 88' lang='lat' dir='ltr'><strong>qni-</strong></span> 
     </span>
     <span class='ocr_line' id='line_1_37' title="bbox 105 2778 1810 2846; baseline -0.001 -15"><span class='ocrx_word' id='word_1_293' title='bbox 105 2795 305 2845; x_wconf 86' lang='lat' dir='ltr'><strong>cunque</strong></span> <span class='ocrx_word' id='word_1_294' title='bbox 341 2778 519 2829; x_wconf 83' lang='lat' dir='ltr'><strong>harum</strong></span> <span class='ocrx_word' id='word_1_295' title='bbox 553 2793 728 2829; x_wconf 83' lang='lat' dir='ltr'><strong>rerum</strong></span> <span class='ocrx_word' id='word_1_296' title='bbox 770 2778 967 2843; x_wconf 87' lang='lat' dir='ltr'><strong>peritus</strong></span> <span class='ocrx_word' id='word_1_297' title='bbox 1004 2778 1163 2829; x_wconf 75' lang='lat' dir='ltr'><strong>videri</strong></span> <span class='ocrx_word' id='word_1_298' title='bbox 1198 2783 1358 2846; x_wconf 72' lang='lat' dir='ltr'><strong>cupit,</strong></span> <span class='ocrx_word' id='word_1_299' title='bbox 1394 2782 1438 2831; x_wconf 74' lang='lat' dir='ltr'><strong>is</strong></span> <span class='ocrx_word' id='word_1_300' title='bbox 1476 2780 1556 2829; x_wconf 69' lang='lat' dir='ltr'><strong>vel</strong></span> <span class='ocrx_word' id='word_1_301' title='bbox 1594 2781 1810 2830; x_wconf 84' lang='lat' dir='ltr'><strong>maxime</strong></span> 
     </span>
     <span class='ocr_line' id='line_1_38' title="bbox 111 2849 1810 2919; baseline 0.001 -18"><span class='ocrx_word' id='word_1_302' title='bbox 111 2853 364 2919; x_wconf 71' lang='lat' dir='ltr'><strong>primitiva</strong></span> <span class='ocrx_word' id='word_1_303' title='bbox 404 2850 645 2901; x_wconf 61' lang='lat' dir='ltr'><strong>vocabula</strong></span> <span class='ocrx_word' id='word_1_304' title='bbox 679 2849 836 2900; x_wconf 87' lang='lat' dir='ltr'><strong>debet</strong></span> <span class='ocrx_word' id='word_1_305' title='bbox 871 2851 1165 2916; x_wconf 81' lang='lat' dir='ltr'><strong>respicere,</strong></span> <span class='ocrx_word' id='word_1_306' title='bbox 1213 2854 1310 2903; x_wconf 88' lang='lat' dir='ltr'><strong>nisi</strong></span> <span class='ocrx_word' id='word_1_307' title='bbox 1359 2858 1558 2903; x_wconf 87' lang='lat' dir='ltr'><strong>temere</strong></span> <span class='ocrx_word' id='word_1_308' title='bbox 1594 2853 1810 2902; x_wconf 80' lang='lat' dir='ltr'><strong>halluci-</strong></span> 
     </span>
     <span class='ocr_line' id='line_1_39' title="bbox 109 2922 1811 2990; baseline -0.001 -15"><span class='ocrx_word' id='word_1_309' title='bbox 109 2926 217 2976; x_wconf 86' lang='lat' dir='ltr'><strong>nari</strong></span> <span class='ocrx_word' id='word_1_310' title='bbox 253 2923 411 2974; x_wconf 87' lang='lat' dir='ltr'><strong>malit.</strong></span> <span class='ocrx_word' id='word_1_311' title='bbox 470 2922 677 2985; x_wconf 69' lang='lat' dir='ltr'><strong>Quibus</strong></span> <span class='ocrx_word' id='word_1_312' title='bbox 711 2922 879 2973; x_wconf 70' lang='lat' dir='ltr'><strong>verbis</strong></span> <span class='ocrx_word' id='word_1_313' title='bbox 914 2922 1050 2973; x_wconf 90' lang='lat' dir='ltr'><strong>haud</strong></span> <span class='ocrx_word' id='word_1_314' title='bbox 1087 2923 1238 2974; x_wconf 88' lang='lat' dir='ltr'><strong>dubie</strong></span> <span class='ocrx_word' id='word_1_315' title='bbox 1265 2931 1504 2976; x_wconf 85' lang='lat' dir='ltr'><strong>notantur</strong></span> <span class='ocrx_word' id='word_1_316' title='bbox 1526 2925 1811 2990; x_wconf 76' lang='lat' dir='ltr'><strong>sophistae,</strong></span> 
     </span>
     <span class='ocr_line' id='line_1_40' title="bbox 111 2993 1812 3063; baseline 0.002 -17"><span class='ocrx_word' id='word_1_317' title='bbox 111 2997 198 3063; x_wconf 90' lang='lat' dir='ltr'><strong>qui</strong></span> <span class='ocrx_word' id='word_1_318' title='bbox 234 2994 487 3061; x_wconf 76' lang='lat' dir='ltr'><strong>neglectis</strong></span> <span class='ocrx_word' id='word_1_319' title='bbox 523 2993 724 3062; x_wconf 74' lang='lat' dir='ltr'><strong>linguae</strong></span> <span class='ocrx_word' id='word_1_320' title='bbox 767 2993 1038 3046; x_wconf 85' lang='lat' dir='ltr'><strong>elementis</strong></span> <span class='ocrx_word' id='word_1_321' title='bbox 1075 2995 1415 3048; x_wconf 81' lang='lat' dir='ltr'><strong>derivatorum</strong></span> <span class='ocrx_word' id='word_1_322' title='bbox 1467 3003 1522 3047; x_wconf 84' lang='lat' dir='ltr'><strong>et</strong></span> <span class='ocrx_word' id='word_1_323' title='bbox 1557 3000 1812 3062; x_wconf 78' lang='lat' dir='ltr'><strong>composi·</strong></span> 
     </span>
     <span class='ocr_line' id='line_1_41' title="bbox 113 3066 1814 3131; baseline 0.001 -11"><span class='ocrx_word' id='word_1_324' title='bbox 113 3080 283 3121; x_wconf 84' lang='lat' dir='ltr'><strong>torum</strong></span> <span class='ocrx_word' id='word_1_325' title='bbox 319 3066 589 3117; x_wconf 74' lang='lat' dir='ltr'><strong>verborum</strong></span> <span class='ocrx_word' id='word_1_326' title='bbox 624 3066 1009 3131; x_wconf 79' lang='lat' dir='ltr'><strong>originationem</strong></span> <span class='ocrx_word' id='word_1_327' title='bbox 1047 3073 1248 3119; x_wconf 71' lang='lat' dir='ltr'><strong>temere</strong></span> <span class='ocrx_word' id='word_1_328' title='bbox 1299 3071 1359 3119; x_wconf 81' lang='lat' dir='ltr'><strong>ad</strong></span> <span class='ocrx_word' id='word_1_329' title='bbox 1413 3085 1558 3121; x_wconf 81' lang='lat' dir='ltr'><strong>suum</strong></span> <span class='ocrx_word' id='word_1_330' title='bbox 1608 3071 1814 3122; x_wconf 80' lang='lat' dir='ltr'><strong>arbitri-</strong></span> 
     </span>
     <span class='ocr_line' id='line_1_42' title="bbox 115 3138 1812 3204; baseline 0.002 -13"><span class='ocrx_word' id='word_1_331' title='bbox 115 3157 216 3198; x_wconf 52' lang='lat' dir='ltr'><strong>um,</strong></span> <span class='ocrx_word' id='word_1_332' title='bbox 247 3139 553 3194; x_wconf 80' lang='lat' dir='ltr'><strong>tractabant.</strong></span> <span class='ocrx_word' id='word_1_333' title='bbox 647 3138 827 3204; x_wconf 87' lang='lat' dir='ltr'><strong>ltaque</strong></span> <span class='ocrx_word' id='word_1_334' title='bbox 874 3145 995 3189; x_wconf 88' lang='lat' dir='ltr'><strong>ante</strong></span> <span class='ocrx_word' id='word_1_335' title='bbox 1044 3140 1211 3190; x_wconf 89' lang='lat' dir='ltr'><strong>omnia</strong></span> <span class='ocrx_word' id='word_1_336' title='bbox 1256 3141 1556 3191; x_wconf 79' lang='lat' dir='ltr'><strong>declaranda</strong></span> <span class='ocrx_word' id='word_1_337' title='bbox 1605 3148 1688 3191; x_wconf 75' lang='lat' dir='ltr'><strong>cst</strong></span> <span class='ocrx_word' id='word_1_338' title='bbox 1737 3145 1812 3195; x_wconf 80' lang='lat' dir='ltr'><strong>vis</strong></span> 
     </span>
     <span class='ocr_line' id='line_1_43' title="bbox 115 3209 1817 3279; baseline 0.001 -15"><span class='ocrx_word' id='word_1_339' title='bbox 115 3211 428 3278; x_wconf 80' lang='lat' dir='ltr'><strong>singularum</strong></span> <span class='ocrx_word' id='word_1_340' title='bbox 461 3210 751 3271; x_wconf 74' lang='lat' dir='ltr'><strong>literarum,</strong></span> <span class='ocrx_word' id='word_1_341' title='bbox 799 3209 866 3260; x_wconf 88' lang='lat' dir='ltr'><strong>de</strong></span> <span class='ocrx_word' id='word_1_342' title='bbox 911 3227 1006 3277; x_wconf 86' lang='lat' dir='ltr'><strong>qua</strong></span> <span class='ocrx_word' id='word_1_343' title='bbox 1043 3228 1103 3260; x_wconf 93' lang='lat' dir='ltr'><strong>re</strong></span> <span class='ocrx_word' id='word_1_344' title='bbox 1138 3211 1418 3279; x_wconf 74' lang='lat' dir='ltr'><strong>disputanti</strong></span> <span class='ocrx_word' id='word_1_345' title='bbox 1455 3213 1579 3262; x_wconf 82' lang='lat' dir='ltr'><strong>mihi</strong></span> <span class='ocrx_word' id='word_1_346' title='bbox 1616 3215 1659 3263; x_wconf 83' lang='lat' dir='ltr'><strong>si</strong></span> <span class='ocrx_word' id='word_1_347' title='bbox 1695 3216 1817 3279; x_wconf 88' lang='lat' dir='ltr'><strong>qnid</strong></span> 
     </span>
     <span class='ocr_line' id='line_1_44' title="bbox 117 3281 1816 3352; baseline 0.002 -16"><span class='ocrx_word' id='word_1_348' title='bbox 117 3283 317 3347; x_wconf 78' lang='lat' dir='ltr'><strong>ridiculi</strong></span> <span class='ocrx_word' id='word_1_349' title='bbox 353 3281 636 3345; x_wconf 75' lang='lat' dir='ltr'><strong>exciderit,</strong></span> <span class='ocrx_word' id='word_1_350' title='bbox 684 3281 794 3332; x_wconf 74' lang='lat' dir='ltr'><strong>eius</strong></span> <span class='ocrx_word' id='word_1_351' title='bbox 834 3283 913 3334; x_wconf 85' lang='lat' dir='ltr'><strong>rei</strong></span> <span class='ocrx_word' id='word_1_352' title='bbox 958 3283 1103 3334; x_wconf 69' lang='lat' dir='ltr'><strong>venia</strong></span> <span class='ocrx_word' id='word_1_353' title='bbox 1139 3293 1357 3352; x_wconf 82' lang='lat' dir='ltr'><strong>propter</strong></span> <span class='ocrx_word' id='word_1_354' title='bbox 1392 3286 1678 3351; x_wconf 80' lang='lat' dir='ltr'><strong>argumenti</strong></span> <span class='ocrx_word' id='word_1_355' title='bbox 1713 3288 1816 3339; x_wconf 78' lang='lat' dir='ltr'><strong>dit·-</strong></span> 
     </span>
     <span class='ocr_line' id='line_1_45' title="bbox 122 3351 1709 3413; baseline -0.001 -3"><span class='ocrx_word' id='word_1_356' title='bbox 122 3357 402 3410; x_wconf 79' lang='lat' dir='ltr'><strong>ticultatem</strong></span> <span class='ocrx_word' id='word_1_357' title='bbox 439 3353 595 3409; x_wconf 79' lang='lat' dir='ltr'><strong>saone</strong></span> <span class='ocrx_word' id='word_1_358' title='bbox 628 3351 957 3411; x_wconf 73' lang='lat' dir='ltr'><strong>concedetur.</strong></span> <span class='ocrx_word' id='word_1_359' title='bbox 1028 3355 1086 3409; x_wconf 81' lang='lat'><strong>1².</strong></span> <span class='ocrx_word' id='word_1_360' title='bbox 1122 3356 1244 3413; x_wconf 67' lang='lat'><strong>424.</strong></span> <span class='ocrx_word' id='word_1_361' title='bbox 1282 3358 1344 3412; x_wconf 86' lang='grc' dir='ltr'><strong>Λ.</strong></span> <span class='ocrx_word' id='word_1_362' title='bbox 1381 3386 1452 3396; x_wconf 91' lang='lat'><strong>—-</strong></span> <span class='ocrx_word' id='word_1_363' title='bbox 1487 3356 1611 3413; x_wconf 68' lang='lat'><strong>426.</strong></span> <span class='ocrx_word' id='word_1_364' title='bbox 1649 3357 1709 3409; x_wconf 85' lang='lat' dir='ltr'><strong>B.</strong></span> 
     </span>
    </p>
   </div>
  </div>
 </body>
</html>
