2066 3666
296 129 365 179 16
949 120 1356 173 PLATONIS

292 284 467 335 parum
521 266 833 331 exploratum
882 265 1135 323 habetur„
1197 264 1334 315 Namx
1372 265 1617 318 Prodicus
1663 272 1764 330 ,etsi
1811 288 1841 322 a
1889 272 1985 322 So-

290 348 433 391 crate
479 339 532 388 in
566 338 810 403 principio
846 338 1094 386 sermonis
1131 342 1469 400 memoratur,
1522 345 1690 390 tamen
1727 345 1834 394 eius
1871 353 1985 394 stu—

290 413 373 470 dia
427 411 690 460 maximam
746 413 888 459 certe
936 413 1133 471 partem
1184 424 1283 458 non
1331 410 1396 459 ad
1448 413 1837 477 etymologiam,
1894 417 1985 465 sed

288 484 353 535 ad
400 484 746 551 synonymiam
810 477 1166 529 vocabulorum
1225 483 1595 544 pertinuerunt.
1663 500 1705 537 v.
1772 485 1979 550 Spen-

288 554 415 624 gel.
487 555 685 605 Artium
743 552 1020 615 Scriptorr.
1066 567 1114 615 p.
1167 551 1238 599 46
1284 580 1354 590 ·-
1399 553 1486 602 59.
1549 555 1648 604 coll
1714 556 1982 622 Protagor.

287 643 338 695 p.
374 626 482 677 207
517 640 628 688 sqq.
702 624 953 687 Quocirca
997 623 1271 672 verisimile
1322 640 1420 673 non
1466 631 1547 675 est
1593 621 1983 694 hunc‘po-tissi-

284 714 423 752 mum
458 714 488 747 a
523 698 740 747 Platone
777 711 894 743 esse
931 694 1296 758 reprehensmn
1336 702 1390 745 et
1422 698 1737 762 castigatum.
1810 700 1983 749 lniici-

283 777 370 824 tur
415 774 584 819 autem
632 785 661 816 a
708 766 921 815 Socrate
956 767 1051 815 viri
1085 767 1276 816 mentio
1324 774 1627 832 propterea,
1676 772 1775 821 nisi
1811 772 1982 831 fallor,
2056 794 2060 803 ¹

281 841 420 908 quod
475 842 519 890 is
570 843 625 888 ct
669 838 1048 903 Hermogenem
1096 838 1386 888 instituerat
1440 846 1494 890 et
1541 842 1692 906 vulgo
1741 843 1793 891 in
1828 844 1982 892 rebus

279 912 625 981 grammaticis
667 910 826 974 ipsius
885 910 1132 973 magister
1174 909 1469 961 habebatur.
1542 914 1794 976 Quocirca
1841 915 1996 964 calli-vv

276 988 522 1037 dissimus
559 981 839 1047 sapientiae
875 996 998 1031 suae
1035 981 1394 1045 dissimulator,
1432 999 1496 1033 ne
1533 984 1651 1047 quid
1688 986 1739 1035 in
1774 986 1856 1036 his
1892 1003 1985 1036 re-

276 1060 378 1110 bus
418 1070 599 1119 sapere
635 1052 889 1112 videatur,
945 1068 1003 1101 se
1049 1068 1115 1101 ne
1151 1052 1354 1103 Prodici
1399 1056 1599 1118 quidem
1637 1056 1830 1107 scholis
1865 1074 1984 1123 pre-

277 1127 575 1192 tiosioribus
619 1123 921 1174 interfuisse
971 1123 1124 1186 dicit,
1169 1124 1261 1173 sed
1313 1126 1493 1176 viliore
1528 1133 1723 1192 tantum
1762 1130 1871 1180 eius
1907 1130 1983 1179 in'-

178 1241 180 1244 ,
276 1200 545 1252 stitutione
585 1212 732 1247 usum
786 1211 919 1245 esse.
992 1191 1104 1244 Nec
1151 1211 1273 1245 vero
1327 1196 1537 1262 Hippias
1575 1200 1734 1249 Eleus
1777 1201 1830 1250 in
1878 1200 1983 1251 hoc

277 1273 413 1323 libro
451 1270 591 1335 carpi
640 1273 694 1318 et
741 1268 907 1317 notari
953 1267 1168 1335 videtur.
1242 1267 1369 1317 Nam
1408 1270 1622 1334 primum
1657 1271 1860 1335 quidem
1896 1271 1983 1322 hic

277 1360 343 1397 ne
368 1343 524 1393 verbo
553 1340 755 1405 quidem
791 1339 1131 1405 significatum
1168 1339 1368 1401 deinde,
1406 1342 1507 1391 etsi
1544 1338 1610 1390 de
1646 1344 1856 1408 singulis
1891 1359 1980 1393 vo-

276 1416 468 1481 cabulis
503 1413 762 1473 disseruit,
798 1417 987 1472 tamen,
1030 1412 1074 1460 si
1110 1411 1229 1475 quid
1267 1420 1329 1460 ex
1357 1411 1583 1463 Platonis
1621 1415 1790 1465 verbis
1821 1414 1977 1480 Hipp.

275 1489 391 1542 mai.
440 1503 488 1553 p.
525 1485 648 1537 265.
688 1484 748 1537 Β.
786 1483 1034 1548 colligere
1070 1483 1226 1542 licet,
1271 1483 1414 1549 leges
1451 1500 1773 1536 numerorum
1811 1488 1982 1552 potius

273 1576 423 1625 quam
469 1556 828 1607 vocabulorum
888 1555 1110 1619 origines
1160 1557 1537 1621 pervestigavit.
1621 1558 1981 1609 Antisthenen,

272 1630 463 1697 respici
522 1625 1145 1685 Schleiermaclieri
1205 1625 1307 1675 fuit
1363 1628 1635 1682 sententia.
1735 1630 1885 1693 Quae
1935 1630 1979 1680 si

272 1719 394 1754 vera
441 1705 605 1760 esset,
659 1697 896 1764 profecto
941 1696 1172 1746 mirabile
1217 1697 1376 1748 videri
1415 1699 1656 1762 deberet,
1702 1700 1837 1764 quod
1873 1711 1977 1752 tam

270 1772 431 1828 multa
477 1773 966 1829 commemorantur,
1013 1773 1140 1831 quae
1175 1769 1227 1818 in
1263 1769 1581 1821 Socraticum
1617 1773 1774 1821 istum
1811 1771 1974 1822 haud-

269 1861 515 1912 quaquam
564 1842 880 1893 comeniunt.
953 1840 1084 1903 Quid
1131 1839 1275 1907 >quod
1322 1857 1419 1892 nec
1466 1840 1631 1891 studia
1675 1843 1770 1893 viri
1802 1860 1976 1910 gram-
2064 1847 2066 1897 4

269 1921 453 1971 matica
489 1913 736 1965 eiusmodi
772 1913 1010 1971 fuerunt,
1058 1916 1117 1960 nt
1165 1927 1196 1960 a
1232 1907 1448 1963 Platone
1483 1915 1585 1964 ista
1619 1916 1819 1966 ratione
1858 1932 1975 1981 per-

268 1990 454 2054 stringi
514 1986 793 2052 patuerint.
902 1982 1186 2034 verissime
1253 1985 1387 2034 enim
1445 1984 1834 2037 Classeniug
1896 1986 1974 2038 De

263 2058 571 2114 Primordiis
614 2056 987 2108 Grammaticae
1034 2054 1262 2104 Graecae
1308 2071 1360 2121 p.
1398 2055 1470 2106 29
1507 2073 1581 2122 sq.
1630 2073 1746 2108 eum
1793 2060 1971 2110 obser·
2000 2084 2011 2096 -

266 2135 400 2184 ravit
449 2133 500 2181 in
549 2145 648 2179 uno
697 2129 965 2177 dialectico
1021 2133 1076 2176 et
1122 2127 1383 2177 rhetorico
1427 2129 1628 2195 linguae
1664 2145 1758 2180 usu
1796 2133 1969 2195 exqui-

261 2205 423 2258 rendo
471 2207 727 2251 versatum
763 2216 896 2250 esse.
981 2198 1199 2260 Verum,
1235 2204 1292 2248 ut
1327 2199 1519 2261 dicam,
1576 2201 1694 2264 quid
1737 2205 1970 2264 sentiam,

263 2283 412 2330 recte
462 2274 604 2327 Vidit
648 2272 744 2322 Fr.
789 2270 1026 2322 Astius
1069 2269 1148 2320 De
1197 2270 1301 2320 vita
1338 2277 1392 2320 et
1428 2270 1642 2336 Scriptis
1681 2271 1876 2324 Platon.
1919 2292 1966 2341 p,

263 2351 372 2401 267
419 2347 495 2411 sq.
543 2345 783 2410 exagitari
819 2343 919 2392 hoc
955 2342 1088 2412 libro
1125 2342 1382 2407 sophistas
1416 2342 1670 2394 Heracliti
1705 2345 1967 2396 doctrinae
2001 2357 2007 2365 ·

264 2423 331 2472 de
366 2423 617 2486 perpetuo
656 2432 826 2466 rerum
873 2415 1009 2464 fluxu
1044 2411 1427 2479 adstipulanteS.
1513 2416 1604 2465 Isti
1648 2422 1817 2467 autem
1865 2434 1968 2470 non

264 2494 351 2544 alii
391 2490 628 2557 profecto
666 2488 876 2537 suerunt
915 2502 1062 2551 quam
1081 2485 1396 2550 Protagorae
1431 2487 1578 2536 amici
1619 2504 1676 2537 ac
1714 2488 1963 2554 discipuli.

265 2566 364 2618 Cui
411 2561 695 2615 sententiae
741 2559 869 2610 nihil
918 2558 1084 2607 officit
1129 2557 1264 2621 quod
1311 2559 1515 2622 scripsit
1565 2558 1963 2610 Classenius

228 2691 230 2694 ,
260 2655 313 2705 p.
348 2636 421 2686 29
457 2648 565 2698 sqq.
593 2631 900 2682 -Abderitam
933 2633 985 2680 in
1021 2628 1335 2694 Orthoepeia
1369 2643 1456 2678 sua
1507 2644 1606 2680 non
1650 2631 1810 2681 videri
1859 2635 1963 2683 sin-

261 2710 380 2777 gula
413 2705 656 2759 vocabula
690 2704 922 2752 rimatnm
962 2717 1110 2760 esse,
1158 2701 1251 2750 sed
1295 2703 1445 2750 unice
1483 2702 1548 2751 de
1585 2709 1726 2752 recta
1763 2699 1960 2755 dicendi

259 2782 477 2840 ratione,
514 2780 761 2841 quatenus
784 2790 844 2823 ea
881 2789 942 2823 ex
977 2773 1298 2838 grammatica
1332 2773 1597 2838 penderet,
1635 2776 1957 2825 disseruisse.

259 2855 389 2905 Nam
438 2852 604 2900 locum
641 2848 796 2896 istum
833 2845 898 2894 de
935 2845 1131 2910 origine
1180 2849 1235 2894 et
1270 2844 1317 2892 vi
1352 2846 1706 2895 vocabulorum
1744 2849 1957 2896 naturali
2015 2894 2018 2896 .

261 2925 493 2990 sophista
536 2936 635 2971 non
681 2920 733 2968 in
780 2917 871 2966 illo
921 2931 1076 2981 opere
1111 2917 1373 2977 tractavit,
1421 2916 1472 2965 id
1520 2917 1653 2980 quod
1690 2920 1957 2982 praeteriit
2025 2983 2027 2986 .

259 2998 412 3048 etiam
450 2989 920 3042 Heindorfium
970 2986 1751 3038 et*Schleiermacherum
1796 2990 1858 3038 a'd
1907 3007 1954 3054 p.
2023 3027 2025 3052 ἶ

184 3087 192 3093 ’
256 3071 380 3121 391.
432 3066 521 3126 C„
573 3062 666 3113 sed
713 3060 986 3110 illustravit
1039 3060 1207 3124 potius
1246 3061 1298 3108 in
1344 3060 1475 3109 libro
1527 3060 1649 3128 περὶ
1699 3059 1797 3124 τῆς
1843 3062 1954 3110 τῶν
2023 3072 2025 3074 ·

255 3132 552 3207 ὀνομάτων
608 3126 962 3204 ὀρθότητος,
1028 3131 1113 3195 qui
1178 3136 1376 3194 partem
1448 3130 1712 3180 efficiebat
1780 3134 1951 3195 operis
2014 3143 2017 3147 ’

252 3209 551 3274 Ἀληθείας
594 3206 796 3255 nomine
842 3203 1087 3267 inscripti.
1159 3201 1235 3250 De
1270 3218 1364 3265 qua
1399 3218 1457 3250 re
1495 3203 1608 3251 vide
1657 3217 1785 3265 quae
1821 3207 1950 3252 scri-

255 3285 447 3348 psimus
494 3281 547 3328 in
593 3276 965 3326 commentariis
1019 3272 1080 3323 ad
1127 3289 1175 3338 p.
1226 3275 1347 3323 391.
1387 3273 1472 3335 C„
1522 3275 1606 3338 qui
1649 3273 1793 3323 locus
1832 3276 1949 3324 hnic

257 3353 545 3408 sentcntiae
566 3349 872 3417 'gravissime
905 3345 1260 3412 patrocinatur.
1334 3344 1438 3395 Iam
1476 3347 1520 3396 si
1559 3360 1802 3411 quaeras.
1832 3346 1951 3411 quid
2014 3382 2015 3386 ,
