2066 3666
603 175 1151 256 ,inclamans
1188 179 1249 236 11.
1669 180 1782 246 ³11

75 333 304 401 guntur,
360 325 689 395 ,atque.1'n-
731 323 836 386 hoe
876 322 1040 390 -libro
1112 325 1391 372 memorata
1460 323 1777 390 reperimus;

76 392 222 467 euius
258 399 336 452 rei
372 395 656 469 exemplum
689 393 752 444 ad
788 390 847 466 μ’
877 395 998 446 138.
1037 393 1095 446 C.
1126 393 1427 449 notavimus,
1499 397 1775 464 Enimvero

72 463 610 541 ‘posterioritaetatis
638 467 800 525 Stoici
823 466 915 531 ‘usi
951 473 1069 518 sunt
1102 466 1194 526 iis,
1245 481 1375 531 quae
1427 481 1458 514 a
1494 470 1773 533 superiori-

71 546 173 609 bus
222 542 458 611 exposita
504 537 845 609 accepissent.
926 538 1040 603 Quo
1085 536 1250 590 minus
1286 541 1455 587 autem
1493 543 1772 598 statuamus

73 616 263 668 librum
298 618 419 684 post
454 607 886 663 christidemam
919 613 1142 659 aetatem
1180 608 1472 660 confectum
1511 625 1659 671 esse,
1706 612 1771 662 il-

70 686 164 748 lud
192 682 450 762 impedit,
499 681 635 750 quod
676 679 980 749 nou.modo
1022 682 1086 731 ab
1134 680 1410 732 Aeliano
1447 680 1595 732 Varr.
1631 682 1768 733 Hist.

71 756 294 825 viiij.v
325 749 749 820 AthenaeoX.
778 769 831 826 p.-
861 752 985 808 5⁰6.
1022 753 1080 806 C.
1116 756 1172 803 et
1207 750 1390 818 Diog.
1425 751 1643 806 Laert.
1679 754 1770 822 111,

64 821 170 885 59.
199 831 557 890 memoratur,
603 822 898 897 sedetiam
933 841 963 875 a
988 822 1275 896 'Thrasyllo
1314 828 1454 874 teste
1489 823 1656 876 Laiir
1671 827 1767 875 tio

66 898 154 965 11,
188 899 278 956 58.
315 900 368 953 iu
403 893 932 969 tetralogias'relatus
969 900 1079 957 est,
1117 893 1252 962 quod
1291 893 1407 946 fieri
1441 896 1581 951 nullo
1617 896 1779 946 modo-

65 966 359 1039 potuisset‚
402 967 502 1022 nisi
549 962 855 1044 illa‘aetate
899 972 956 1017 et
999 968 1288 1035 exstitisset
1338 971 1395 1017 et
1451 983 1548 1034 pro
1608 983 1771 1035 opere

64 1039 336 1109 Platonico
384 1041 559 1109 vulgo,
579 1039 785 1107 habitus
829 1044 987 1090 esset.
1067 1038 1210 1093 vixit
1251 1043 1421 1089 autem
1464 1039 1770 1108 Thrasyllus

69 1108 442 1182 imperantibus
489 1114 724 1182 Augusto
761 1116 817 1162 et
854 1110 1096 1174 Tiberio,
1143 1111 1297 1162 sicuti
1332 1110 1667 1178 Menagius
1704 1111 1773 1173 ad*

63 1187 332 1245 Lacr-tium
368 1183 677 1236 certissimis
705 1185 1016 1251 argumentis
1051 1182 1242 1252 docuit.
1313 1182 1458 1233 Fieri
1480 1185 1640 1249 igitur
1672 1199 1772 1250 po-

64 1265 212 1322 test,
248 1264 308 1310 ut
340 1257 473 1308 liber
507 1255 734 1307 secundo
769 1248 852 1307 vel
889 1256 1047 1306 tertio
1082 1254 1293 1305 saeculo
1339 1259 1458 1305 ante
1504 1255 1768 1308 Christum

67 1337 242 1394 natum
279 1329 549 1381 confectus
599 1329 669 1379 sit
706 1326 938 1394 adeoque
973 1328 1074 1379 iam
1117 1327 1180 1377 ab
1216 1326 1564 1378 Alexandrinis
1598 1344 1768 1394 gram-

64 1399 271 1460 maticis
333 1402 388 1452 in
442 1416 654 1467 operum
689 1398 1093 1460 ,Platonicorum
1156 1398 1441 1465 catalogum
1503 1404 1767 1470 receptus.

67 1474 200 1528 Nam
233 1476 335 1525 iam
371 1472 460 1523 illa
491 1477 664 1524 aetate
698 1467 929 1538 magnam
962 1471 1064 1521 hoc
1097 1471 1150 1520 in
1185 1487 1377 1537 genere
1408 1470 1642 1523 fraudem
1674 1470 1767 1521 do-

65 1537 308 1599 minatam
354 1560 475 1595 esse
519 1544 630 1594 aliis
683 1544 930 1610 exemplis
980 1543 1104 1594 satis
1154 1547 1299 1592 certo
1347 1540 1564 1594 constat.
1653 1542 1766 1595 Nec

67 1634 193 1686 sero
230 1617 503 1668 obscurum
541 1623 657 1677 est,
692 1615 779 1681 qui
812 1614 929 1665 fieri
955 1615 1211 1681 potuerit,
1246 1619 1307 1663 ut
1321 1613 1454 1664 liber
1488 1618 1632 1664 tanto
1666 1615 1764 1664 ho-

63 1706 199 1746 nore
246 1688 429 1755 dignus
474 1686 801 1738 iudicaretur.
883 1685 1135 1738 Versatus
1173 1686 1306 1735 enim
1341 1687 1567 1751 scriptor
1598 1687 1648 1735 in
1686 1685 1768 1736 ar-

64 1766 315 1830 gumento
346 1759 663 1810 illustrando
708 1761 792 1808 est
839 1758 942 1820 ita,
985 1762 1043 1807 ut
1090 1774 1214 1807 usus
1273 1757 1503 1808 Socratis
1550 1757 1768 1824 quodam

64 1834 328 1890 sententia
378 1830 511 1898 apud
544 1829 1047 1896 Xenophontem
1084 1827 1245 1882 Mem.
1283 1829 1336 1891 Ι,
1381 1829 1445 1892 3,
1485 1825 1534 1880 1.
1571 1845 1769 1882 memo-

69 1907 181 1958 riae
215 1901 416 1972 prodita
463 1902 844 1954 Socraticorum
894 1902 1211 1967 maximeque
1252 1900 1485 1952 Platonis
1518 1903 1770 1953 rationem

73 1976 359 2028 aemulatus
407 1975 476 2024 sit
528 1972 759 2038 adeoque
812 1989 1107 2039 germanum
1166 1972 1396 2024 Platonis
1451 1971 1767 2025 Alcibiadem

71 2049 260 2101 imitari
285 2053 342 2097 et
367 2043 736 2113 quodammodo
755 2059 1105 2095 consummare
1131 2044 1366 2094 voluerit.
1437 2043 1568 2095 Nam
1591 2061 1768 2110 quem·

71 2119 343 2172 admodum
378 2120 429 2168 in
461 2111 628 2184 primo
663 2115 925 2168 Alcibiade
961 2111 1210 2181 superbus
1237 2115 1536 2167 adolescens
1562 2132 1625 2166 eo
1646 2133 1769 2182 per-

64 2193 310 2255 ducitur,
343 2195 401 2240 ut
436 2189 750 2255 quantumvis
784 2187 1100 2255 reipubli·:ae
1122 2188 1466 2254 capessendae
1491 2188 1772 2254 cupiditate

73 2256 337 2325 incensus,
378 2266 548 2312 tamen
597 2277 655 2310 se
697 2276 868 2310 rerum
920 2259 1141 2310 civilium
1182 2259 1348 2310 adhuc
1383 2261 1611 2327 ignarum
1646 2275 1770 2311 esse

75 2337 413 2405 confiteatur,
457 2334 531 2383 ita
574 2332 710 2383 idem
739 2332 829 2383 ille
861 2333 914 2381 in
949 2332 1051 2381 hoc
1085 2347 1352 2395 sermone,
1390 2348 1544 2399 quum
1580 2333 1650 2382 sit
1683 2349 1768 2384 sa·-

64 2400 426 2467 ‘ermestun-us,
471 2409 736 2472 postremo
777 2405 822 2455 is
870 2403 1071 2453 videtur
1102 2420 1251 2467 esse,
1298 2405 1384 2470 qui
1432 2403 1554 2471 quid
1589 2404 1653 2454 ad
1685 2420 1771 2455 re-

77 2487 219 2531 ctum
256 2479 468 2528 deorum
498 2477 691 2527 cultum
728 2481 784 2526 et
816 2477 1194 2527 venerationem
1217 2477 1522 2541 requiratur,
1557 2491 1772 2543 prorsus

78 2554 297 2619 ignoret.
381 2549 516 2599 Hinc
561 2549 716 2616 igitur
762 2547 917 2598 facile
961 2550 1132 2616 potuit
1189 2549 1452 2612 accidere,
1504 2553 1565 2599 ut
1624 2563 1774 2614 opus,

81 2625 306 2691 quamvis
354 2638 384 2671 a
427 2621 656 2671 Platonis
710 2626 822 2671 arte
871 2625 926 2670 et
972 2621 1172 2671 ratione
1216 2621 1431 2671 multum
1477 2619 1774 2685 recederet,

81 2702 253 2749 tamen
298 2694 396 2744 iam
441 2698 639 2743 mature
680 2708 776 2759 pro
832 2692 1098 2743 Platonico
1146 2693 1584 2744 circumferretur.
1679 2691 1774 2742 Di-

0 2800 2 2823 ·
81 2766 232 2819 cendi
277 2782 437 2832 genus
482 2770 654 2815 autem
701 2770 1016 2832 quantopere
1062 2765 1182 2816 huic
1234 2767 1460 2834 opinioni
1514 2765 1775 2825 officeret,

81 2841 120 2892 ii
155 2839 362 2889 minime
398 2842 696 2899 senserunt,
732 2838 817 2904 qui
850 2838 1194 2903 posteriorum
1227 2844 1518 2905 temporum
1551 2836 1778 2887 sermoni

84 2909 371 2963 adsuefacti
407 2924 531 2959 suae
565 2910 747 2960 aetatis
785 2911 1048 2975 squalores
1078 2928 1107 2960 a
1127 2910 1356 2962 Platonis
1377 2916 1434 2963 et
1459 2909 1776 2979 Xenophon·
1830 2940 1834 2945 -

85 2985 156 3036 tls
194 2981 445 3048 elegantia
482 2996 755 3032 secernere
788 2997 888 3032 non
924 2987 1216 3049 potuerunt.
1818 2988 1823 2993 “

230 3067 337 3118 Sed
372 3066 498 3117 satis
531 3067 661 3119 haec
693 3066 759 3119 de
794 3068 961 3120 libelli
996 3067 1203 3120 dotibus
1241 3075 1297 3120 et
1332 3065 1629 3135 originibus.
1671 3065 1782 3118 Re-

87 3147 221 3203 stat,
255 3145 316 3194 ut
352 3139 417 3190 de
455 3155 631 3191 errore
666 3141 882 3206 quodam
917 3141 1184 3192 dicendum
1221 3144 1308 3203 sit,
1347 3142 1499 3192 etiam
1536 3157 1565 3189 a
1601 3141 1782 3191 receu-

87 3212 300 3266 tissimis
348 3211 458 3263 eius
505 3213 873 3281 interpretibus
918 3219 1216 3280 propagato.
1293 3212 1599 3279 Pervulgata
1647 3212 1783 3263 enim

89 3288 314 3336 virorum
336 3283 604 3336 doctorum
622 3285 793 3353 opinio
815 3290 898 3337 est
926 3286 967 3336 P
985 3288 1228 3339 ersinm
1262 3286 1313 3337 in
1338 3284 1521 3351 Satyra
1547 3282 1787 3344 secunda,

97 3357 478 3409 Iuvenalem
513 3358 565 3410 in
610 3356 795 3425 Satyra
830 3358 1028 3410 decima
1064 3375 1122 3409 ac
1156 3364 1426 3426 praeterea
1444 3356 1795 3408 Lucianum

101 3427 469 3498 lcaromenipp.
525 3446 572 3485 c.
612 3429 703 3486 25.
739 3429 913 3499 Navig.
950 3447 991 3484 s.
1030 3430 1180 3484 Votis
1216 3429 1268 3498 ἓ.
1306 3430 1390 3481 13.
1428 3445 1539 3497 sqq.
1588 3446 1640 3497 p.
1674 3428 1798 3480 401.
