2066 3666
245 173 354 230 184
553 238 564 245 ,
879 171 1297 231 PLATONIS

245 321 332 368 tur
353 315 652 379 accuratim,
686 314 843 383 facile
873 322 1046 368 tamen
1081 318 1294 383 cogitari
1314 321 1492 382 potest
1513 318 1932 383 percommodus:

246 388 442 452 fingere
480 389 633 444 ¹enim
689 387 815 438 licet
857 389 1292 444 adolescentulum
1331 389 1532 439 Socrati
1584 406 1706 439 casu
1753 391 1806 440 in
1852 392 1933 440 via

245 459 448 523 publIca
510 460 725 511 obvium.
816 460 1009 510 Actio
1065 462 1239 526 ipsa,
1301 461 1402 510 hoc
1463 466 1549 511 est
1602 462 1931 524 colloquium,

243 530 434 584 iustum
467 530 626 581 habet
658 532 886 615 initium,
918 548 1247 597 progressum
1281 538 1433 598 atque
1469 534 1673 594 exitum,
1712 533 1939 598 quando-

243 602 449 665 quidem
483 603 769 659 Alcibiades
819 605 946 655 mira
975 604 1200 674 quadam
1235 620 1408 657 rerum
1447 606 1776 657 conversione
1822 611 1936 654 tan·
1968 608 1978 609 ’
2063 653 2066 662 ,

247 672 365 724 dem
416 689 478 724 eo
514 679 870 739 permovetur,
917 680 1005 737 ut,
1053 691 1202 739 quum
1252 681 1400 726 antea
1437 677 1660 726 Socratis
1708 691 1936 726 amorem

248 732 586 810 superciliose
627 747 925 810 sprevisset,
969 753 1230 811 postremo
1278 748 1390 811 ipse
1433 764 1545 800 eum
1581 753 1806 796 amanter
1850 762 1934 797 se-

246 819 376 870 ctari
418 818 675 870 decernat.
747 817 852 866 Sed
902 819 1166 883 singularis
1210 819 1407 867 videtur
1454 835 1700 868 morum
1746 825 1939 868 nota-

247 889 371 950 tio,
411 905 538 952 quac
575 905 604 937 a
639 888 1265 944 Schleiermachero
1305 897 1359 940 et
1385 892 1571 946 Astio
1602 891 1935 939 ‘acerbissime

248 961 496 1024 exagitata
546 966 642 1009 est.
713 960 952 1015 Pervicax
1000 963 1134 1013 enim
1181 953 1310 1011 ilhid
1359 968 1412 1012 et
1458 968 1751 1028 protervum
1795 962 1938 1011 Alci-

245 1030 406 1086 biadis
441 1033 695 1097 ingenium
743 1033 871 1082 adeo
900 1050 1007 1085 non
1042 1035 1364 1083 adumbratur
1408 1051 1466 1084 ac
1504 1035 1814 1099 depingitur,
1859 1037 1936 1095 ut,

247 1103 292 1153 si
327 1120 355 1151 a
392 1105 565 1167 paucis
603 1104 899 1166 quibusdam
935 1106 1183 1160 sermonis
1220 1106 1448 1170 partibus
1485 1106 1810 1166 discesseris,
1857 1105 1938 1154 vix

247 1174 449 1236 aliquod
487 1176 595 1227 eius
631 1177 899 1240 vestigium
943 1192 1138 1226 cernas.
1210 1177 1326 1227 Hoc
1371 1178 1526 1242 igitur
1573 1178 1676 1226 tale
1724 1182 1831 1237 est,
1878 1180 1938 1226 ut

249 1246 500 1307 quomodo
535 1246 746 1302 defendi
778 1248 861 1299 vel
897 1249 1126 1297 excusari
1172 1253 1350 1311 queat,
1399 1254 1632 1297 accurate
1670 1250 1938 1311 exquiren-

247 1317 365 1369 dum
403 1320 486 1370 sit.
557 1319 633 1368 Ac
670 1319 814 1369 nobis
852 1320 1055 1383 quidem
1089 1335 1155 1368 ne
1191 1320 1287 1369 hac
1325 1320 1526 1383 quidem
1573 1321 1626 1368 in
1659 1335 1718 1367 re
1754 1319 1937 1368 verini-

235 1389 542 1450 'militndinis
608 1390 779 1455 leges
812 1407 840 1440 a
889 1392 1461 1456 scriptore-neglectae
1521 1407 1638 1440 esse
1689 1391 1949 1451 videntur,.

165 1522 173 1529 1
245 1461 399 1515 modo
431 1463 851 1523 meminerimus,
901 1478 996 1527 qua
1045 1465 1421 1527 opportunitate
1468 1467 1522 1512 et
1581 1478 1679 1526 quo
1726 1463 1939 1511 consilio

248 1548 418 1584 sermo
454 1533 656 1582 habitus
693 1534 923 1599 fingatur.
996 1536 1202 1584 Etenim
1240 1535 1405 1583 fastus
1445 1540 1498 1583 et
1532 1535 1768 1599 superbia
1799 1533 1938 1583 Alci-

249 1605 413 1660 biadis
461 1611 515 1654 et
564 1606 614 1654 in
650 1607 897 1670 principio
936 1609 1183 1655 sermonis
1221 1608 1444 1655 cernitur
1493 1611 1547 1656 et
1593 1621 1655 1654 eo
1692 1606 1808 1657 loco
1846 1604 1940 1654 de-

286 1677 477 1742 ingitur
513 1679 634 1726 satis
669 1678 844 1730 vividis
882 1678 1168 1740 coloribus,
1204 1679 1290 1729 ubi
1327 1678 1391 1726 de
1427 1693 1518 1726 sua
1552 1672 1756 1742 generis
1794 1677 1940 1725 nobi-

247 1691 399 1797 litate
457 1753 510 1797 et
566 1749 754 1813 ingenii
799 1751 1107 1814 praestantia
1131 1756 1144 1774 ²
1167 1750 1381 1812 loquens
1427 1749 1696 1798 inducitur.
1792 1747 1940 1810 Quod

249 1826 418 1874 autem
455 1820 771 1880 adolescens,
808 1827 1139 1891 posteaquam
1160 1821 1386 1870 Socratis
1422 1837 1646 1868 amorem
1673 1819 1943 1868 fastidiose

250 1907 309 1942 ac
348 1892 568 1956 superbe
602 1892 813 1953 reiecit,
859 1893 1179 1947 nihilominus
1227 1893 1468 1956 deinceps
1505 1908 1791 1941 sermonem
1824 1907 1940 1942 cum

251 1978 315 2013 eo
363 1964 608 2024 instituit,
661 1967 715 2012 et
763 1964 984 2018 instituit
1029 1965 1127 2024 ita,
1181 1968 1239 2013 ut
1282 1963 1397 2013 fere
1434 1968 1606 2027 partes
1646 1963 1939 2026 obsequiosi

252 2034 485 2103 discipuli
522 2050 675 2099 agens
725 2051 784 2084 se
820 2035 1130 2100 reprehendi
1177 2052 1237 2084 ac
1274 2036 1515 2100 redargui
1550 2036 1792 2099 patiatur,
1841 2034 1943 2083 hoc

249 2110 446 2159 tantum
480 2107 628 2161 abest
661 2111 719 2157 ut
755 2108 935 2175 mirum
969 2107 1129 2156 videri
1166 2107 1378 2168 debeat,
1404 2114 1460 2156 ut
1496 2106 1556 2155 ad
1594 2108 1750 2170 ipsam
1771 2121 1943 2155 rerum

248 2178 519 2227 veritatem
562 2178 913 2232 ‘adumbratum
957 2179 1200 2234 videatur,
1285 2179 1619 2241 Posteaquam
1669 2179 1802 2226 enim
1849 2177 1946 2226 iuer
2024 2190 2033 2202 ’

251 2248 515 2312 Socratem
539 2250 726 2299 audivit
760 2250 972 2305 divina
1005 2251 1258 2314 quad-am
1285 2251 1714 2305 admonitione
1736 2249 1941 2297 ductum
2011 2244 2043 2267 '¹

254 2336 396 2371 suam
433 2322 829 2376 familiaritatem
866 2338 1040 2376 rursus
1078 2327 1320 2387 appetere
1359 2321 1586 2384 adeoque
1633 2321 1796 2370 solum
1845 2320 1943 2370 sibi
2027 2367 2033 2376 ,

250 2392 430 2442 videri-
461 2393 925 2453 idoneum,1cuius
975 2410 1072 2457 ope
1114 2396 1227 2459 ipse
1274 2394 1335 2442 ad
1384 2394 1541 2445 altum
1589 2388 1742 2453 illud,
1807 2390 1942 2456 quod
2019 2366 2051 2450 ’

252 2465 537 2530 spectabat,
574 2463 833 2528 dignitatis
860 2470 915 2514 et
937 2467 1196 2529 potentiae
1233 2465 1490 2530 fastigium
1519 2466 1782 2528 pervenire
1818 2479 1942 2528 pos·
2026 2501 2030 2518 .

253 2536 338 2596 sit„
375 2539 803 2602 opportunitatem
841 2554 954 2591 cnm
992 2552 1053 2589 eo
1079 2537 1397 2601 colloquendi
1434 2537 1574 2589 avide
1600 2536 1940 2601 amplectitur.
2015 2568 2020 2583 ,

164 2626 166 2631 ’
253 2606 356 2659 Sed
403 2608 489 2656 ubi
526 2608 682 2657 semel
723 2622 835 2656 cum
873 2624 934 2657 eo
973 2608 1276 2674 colloquium
1320 2609 1564 2669 instituit,
1613 2609 1685 2656 ita
1731 2623 1786 2656 se
1831 2608 1942 2655 eius
2017 2659 2022 2666 ,

219 2704 234 2710 2
253 2679 570 2741 sermonibus
611 2679 746 2734 allici
778 2695 837 2728 ac
862 2682 1028 2729 teneri
1050 2682 1222 2741 sentit,
1259 2685 1449 2729 utanon
1473 2679 1622 2728 modo
1647 2679 1941 2743 magistrum

252 2750 586 2815 ignorantiam
630 2751 730 2814 ipsi
782 2753 1166 2815 exprobrantem
1212 2767 1312 2801 non
1360 2751 1580 2800 moleste
1624 2750 1788 2811 ferat,
1827 2749 1947 2799 ‘sed'
2011 2767 2041 2803 Α

253 2821 436 2886 cupide
486 2823 592 2873 eius
646 2825 949 2873 sententiam
986 2825 1279 2877 sciscitetur
1326 2839 1384 2872 ac
1420 2823 1620 2877 tandem
1668 2838 1782 2871 eum
1830 2826 1943 2871 stu·
2012 2831 2040 2861 ³-

253 2892 397 2944 diose
446 2894 631 2963 sectari
671 2895 960 2947 constituat.
1031 2896 1279 2946 Nimirum
1323 2900 1435 2944 erat
1470 2893 1759 2944 Alcibiades
1806 2894 1944 2942 vario
2006 2892 2017 2947 ;’

253 2970 308 3018 et
342 2965 564 3016 versatili
599 2965 825 3029 ingenio
874 2966 935 3015 ut
965 2966 1131 3020 facile.
1154 2968 1204 3015 in
1239 2971 1505 3030 utramque
1540 2971 1738 3031 partem
1774 2979 1944 3013 move-
2016 2959 2039 3026 ³<

252 3035 666 3104 retur.1taque
691 3036 953 3087 Socratem
992 3038 1196 3092 audiens
1234 3039 1342 3087 eius
1374 3038 1603 3092 oratione
1639 3036 1848 3093 solebat
1871 3035 1946 3085 ita
1995 3059 2011 3070 -v

253 3107 456 3161 deliniri
494 3112 644 3172 atque
682 3123 744 3160 eo
769 3109 930 3158 modo
966 3109 1122 3170 affici,
1164 3115 1222 3158 ut
1256 3110 1501 3173 pristinae
1539 3109 1728 3158 oblitus
1764 3107 1944 3157 levita-
1995 3106 2021 3151 ’-

254 3179 322 3230 tis
358 3180 550 3243 optima
583 3194 812 3243 quaeque
849 3181 1058 3232 consilia
1094 3187 1301 3245 caperet
1349 3197 1443 3230 nec
1490 3180 1720 3245 magistri
1753 3169 1946 3228 monita

255 3254 311 3302 et
363 3256 639 3318 praecepta
683 3256 882 3304 temere
929 3258 1299 3317 aspernaretur
1379 3252 1458 3301 De
1508 3267 1604 3318 qua
1650 3266 1710 3300 re
1755 3250 1947 3300 divinus
2016 3276 2018 3278 v

253 3325 340 3372 est
376 3321 517 3370 locus
556 3322 809 3388 Symposii
844 3339 895 3388 p
932 3323 1057 3377 216,
1088 3324 1149 3374 A.
1175 3323 1230 3375 B.
1255 3323 1350 3385 C,
1369 3339 1588 3387 quocum
1622 3321 1947 3372 contendisse
2063 3355 2066 3360 -

253 3391 444 3444 iuvabit
491 3393 578 3447 iila
626 3393 1118 3459 Xenophontis
1155 3394 1311 3448 Mem
1363 3396 1417 3457 1,
1464 3394 1549 3456 2,-
1573 3394 1661 3448 18.
1711 3387 1841 3446 οἶδα
1887 3391 1948 3445 δὲ
1992 3390 2033 3478 ’Ἶῖζέ
