2066 3666
247 159 329 211 ..00
865 154 1296 217 sPLATONIS

257 298 480 359 hendat
529 298 682 365 longe
717 298 1023 364 amplissima
1071 306 1126 350 et
1161 299 1596 366 praestantissima
1633 300 1807 352 futura,
1853 304 1945 364 sit3

257 372 491 436 quoniam
527 377 699 420 autem
733 387 832 421 non
867 372 1097 420 videatur
1133 373 1252 424 talis
1288 388 1434 434 esse,
1483 373 1697 438 amplius
1732 374 1798 425 dc
1836 377 1946 426 eius

256 459 353 494 usu
389 441 726 506 quaerendum
765 443 1041 492 arbitratur
1061 440 1132 510 *).
1238 488 1247 495 .

399 513 512 578 Quo
573 513 756 563 clarius
808 512 965 580 igitur
1011 508 1382 599 σωφροσύνης
1431 515 1625 566 utilitas
1670 518 1946 582 perspicia-

255 589 394 652 tur,
433 585 673 634 Socrates
717 585 814 636 iam
866 586 1001 634 ultro
1048 588 1189 651 ponit
1248 593 1302 635 et
1352 588 1587 637 concedit
1634 603 1745 638 eam
1794 590 1946 638 etiam

254 674 428 709 rerum
484 658 704 721 ipsarum
775 656 1044 722 com-plecti
1105 659 1462 723 cognitionem.
1566 659 1761 711 Verum
1821 660 1948 709 mira

253 730 466 797 ¹quadam
516 727 763 794 sermonis
811 727 1140 778 conversione
1186 743 1316 778 nunc
1363 731 1461 779 sibi
1510 730 1561 779 in
1605 731 1828 780 mentem
1878 732 1950 780 ait

255 803 429 853 venire
477 815 542 848 ne
579 800 652 847 sic
690 798 892 862 quidem
930 816 1042 849 eam
1083 801 1350 864 quidquam
1387 801 1450 850 ad
1483 802 1618 850 vitae
1651 803 1948 853 beatitatem

252 875 424 952 posse.
500 870 627 921 Nam
662 870 786 921 licet
828 871 1206 922 concedendum
1261 874 1328 923 sit
1376 874 1530 922 vitam
1566 873 1831 923 humanam
1877 874 1952 927 ita

253 939 529 1001 secuudum
577 943 759 1006 artium
807 944 1071 993 scientiam
1118 949 1381 1014 peractum
1428 945 1522 1006 iri,
1568 950 1740 994 tamen
1790 944 1950 1010 pluri·

253 1033 449 1069 marum
498 1015 682 1063 artium
720 1012 1062 1079 cognitionem
1109 1016 1182 1064 ita
1219 1017 1288 1065 ait
1324 1032 1439 1065 esse
1478 1022 1849 1081 comparatam,
1893 1021 1951 1066 ut

253 1089 486 1139 homines
534 1101 627 1149 per
666 1099 775 1133 eam
811 1085 1192 1170 haudquaquam
1241 1087 1425 1136 felices
1477 1088 1772 1137 reddantur.
1842 1087 1949 1137 Ne-

255 1176 354 1224 que
382 1158 443 1207 id
483 1162 636 1221 negat
672 1157 877 1218 Critias,
915 1159 1073 1219 quiet
1096 1160 1211 1222 ipse
1246 1158 1479 1208 homines
1501 1160 1648 1209 boni
1689 1165 1755 1212 et
1791 1158 1948 1209 mali

214 1267 221 1277 ι
255 1231 470 1283 scientia
515 1227 838 1293 potissimum
892 1226 1074 1278 felices
1133 1229 1278 1279 reddi
1320 1230 1523 1280 iudicat.
1606 1231 1745 1294 Quo
1776 1230 1950 1279 audito

255 1299 527 1353 Socrates:
610 1298 753 1364 Ergo
800 1315 900 1348 non
950 1305 1031 1349 est
1067 1296 1438 1370 σωφροσύνης
1482 1303 1627 1351 nobis
1664 1300 1948 1366 prodesse;

251 1373 382 1424 haec
419 1372 552 1421 enim
591 1387 652 1420 ex
687 1377 775 1420 tua
811 1372 1064 1420 sententia
1109 1369 1235 1422 nihil
1271 1372 1406 1422 aliud
1457 1378 1540 1422 est
1588 1389 1734 1438 quam
1782 1373 1948 1422 scien-

252 1447 357 1497 tiae
393 1443 605 1494 scientia
643 1441 915 1508 quaedam
962 1456 990 1490 a
1028 1446 1125 1506 qua
1159 1443 1280 1495 boni
1317 1450 1373 1495 et
1419 1444 1537 1494 mali
1586 1445 1798 1495 scientia
1834 1444 1949 1510 plu-

255 1520 438 1569 rimum
477 1514 686 1563 differre
721 1512 922 1563 videtur
945 1510 1044 1582 **).
1768 1530 1781 1545 ·
1980 1515 1982 1517 ’

398 1587 646 1638 Absoluta
678 1585 773 1634 hac
812 1583 1150 1649 disputatione
1187 1583 1448 1636 ειίᾱεηῐθι·
1487 1591 1700 1652 apparet
1737 1586 1948 1637 Critiam

200 1686 202 1688 ·
255 1677 358 1712 non
393 1663 748 1726 perspectum
761 1657 980 1717 habere,
1031 1657 1190 1719 qualis
1229 1659 1443 1707 scientia
1477 1659 1539 1707 ad
1577 1653 1951 1729 σωφροσύνην

255 1735 561 1796 requiratur.
643 1730 933 1792 Quanquam
985 1734 1210 1777 extremo
1260 1744 1493 1778 sermone
1540 1745 1691 1778 verae
1737 1732 1948 1779 rationis

254 1802 616 1865 indicium—fit,
668 1800 914 1863 siquidem
951 1798 1152 1848 Socrati
1190 1807 1301 1849 erat
1338 1814 1634 1864 persuasum
1674 1818 1815 1861 eum,
1866 1803 1950 1864 qui

255 1877 442 1927 bonum
481 1879 536 1923 et
571 1873 847 1920 honestum
883 1871 1240 1950 cognovisset,
1297 1873 1449 1920 etiam
1498 1873 1646 1920 animi
1684 1871 1950 1936 perturba-

255 1950 445 2002 tiones
478 1949 832 2009 superaturum
882 1948 937 1991 et
984 1959 1255 2013 σωφρονα
1306 1942 1536 1992 futurum
1592 1959 1722 1992 esse.
1809 1944 1947 2007 Quo-

209 2021 395 2070 ‚circa
439 2013 823 2099 Xenophon
860 2011 1079 2062 Memor.
1119 2013 1215 2075 ΙΙΙ,
1253 2014 1318 2075 9,
1355 2013 1404 2063 4.
1454 2031 1948 2097 προςερωτωμενος

257 2091 346 2154 δέ,
399 2093 445 2142 εὶ
490 2105 623 2147 τους
673 2087 1072 2152 ἐπισταμένους
1096 2085 1218 2164 μὲν
1266 2080 1302 2134 ἁ
1351 2085 1434 2136 ὸεῖ
1456 2081 1765 2155 πράττειν,
1826 2103 1946 2137 ποι·

257 2164 461 2222 οὗντας
498 2160 556 2211 δὲ
591 2154 885 2220 τάναντία,
934 2148 1203 2235 σοφούς
1240 2174 1307 2207 τε
1345 2157 1438 2207 καὶ
1475 2160 1849 2240 ἐγκρατεῖς,
1880 2153 1949 2210 εἷ-

259 2254 355 2289 ναι
402 2231 654 2300 νομίζοι,
711 2226 887 2281 Οὐδέν
933 2246 993 2296 γε
1039 2226 1290 2317 μᾶ2.2ον,
1334 2227 1469 2299 ἔφη,
1519 2221 1556 2291 ἠ
1590 2222 1847 2300 ἀσόφους
1889 2247 1948 2280 τε

261 2308 355 2360 καὶ
403 2302 760 2372 ἀκρατεῖς·
811 2294 1023 2359 πάντας
1073 2293 1191 2372 γὰρ
1229 2293 1418 2366 offam,
1467 2302 1949 2383 προαιρουμένους

258 2382 317 2432 ἐκ
354 2377 463 2441 τῶν
498 2373 894 2455 ἐνδεχομένων,
948 2391 984 2421 α
1035 2367 1252 2427 οἴονται
1288 2365 1704 2439 συμφορώτατα
1753 2368 1946 2433 αὐτοῖς

260 2448 430 2510 εἶναι,
474 2445 651 2498 ταῦτα
688 2437 975 2514 πράττειν,
1020 2458 1118 2505 quo
1166 2441 1282 2490 loco
1326 2441 1597 2508 diligenter
1653 2447 1734 2492 est
1771 2445 1949 2492 obser-

256 2520 469 2572 vandum
505 2518 769 2567 Socratem
808 2515 993 2564 bonum
1027 2515 1087 2562 ab
1125 2513 1241 2563 utili
1268 2527 1374 2562 ιιοιι
1411 2515 1704 2576 sehmxisse,
1744 2515 1808 2563 de
1846 2530 1945 2578 quo

254 2592 350 2644 ‘viri
389 2592 576 2657 placito
613 2587 890 2652 prudenter
915 2586 1149 2650 exposuit
1179 2584 1498 2634 Stiiudlin.
1537 2585 1955 2636 Geschichte.

211 2649 219 2665 ’
258 2666 372 2716 der
436 2657 1084 2725 Moralphilosophie
1143 2672 1191 2721 p.
1254 2657 1324 2705 84
1384 2671 1490 2719 sqq.
1586 2658 1757 2719 Atque
1816 2658 1945 2707 haec

257 2751 412 2803 quum
455 2735 530 2783 ita
587 2747 646 2780 se
703 2729 944 2790 habeant
997 2727 1247 2778 neminem
1303 2716 1536 2792 putamus
1600 2729 1946 2779 dubitaturum

256 2823 404 2868 esse,
452 2806 570 2868 quin
606 2803 758 2852 etiam
804 2801 966 2850 altera
1011 2800 1256 2850 sermonis
1293 2815 1441 2864 pars,
1490 2812 1587 2862 qua
1632 2800 1695 2848 de
1733 2801 1946 2850 scientia

255 2881 321 2930 ad
370 2879 614 2927 virtutem
662 2873 950 2925 necessaria
987 2870 1346 2935 disceptatur,
1406 2871 1565 2935 magis
1626 2871 1687 2918 ad
1740 2887 1945 2922 errores

243 2947 603 3016 coarguendos
641 2961 787 3009 quam
832 2943 895 2992 ad
933 2942 1289 3006 exquirendum
1322 2956 1496 2991 verum
1532 2949 1819 3006 comparata
1857 2944 1944 2995 sit

401 3022 694 3088 Quanquam
749 3021 918 3065 autem
980 3015 1166 3064 Critias
1225 3013 1413 3062 erroris
1469 3013 1666 3078 culpam
1725 3015 1946 3064 sustinet

262 3109 493 3154 omnem,
548 3096 720 3140 tamen
764 3088 1006 3138 Socrates
1065 3086 1270 3154 egregia
1322 3100 1436 3137 cum
1491 3086 1778 3156 urbanitate
1824 3101 1947 3139 suae

316 3344 370 3399 ⁸>
428 3348 477 3386 P.
509 3346 606 3384 ιιι.
636 3347 684 3383 c.
713 3364 768 3375 --
800 3343 896 3381 172.
925 3344 974 3382 c.

271 3416 362 3470 ⁴⁸>
420 3419 468 3458 Ρ.
501 3419 599 3457 ιιι.
629 3417 675 3456 ο.
708 3435 760 3446 -
795 3416 891 3457 175.
918 3415 973 3458 A.
