2066 3666
645 115 1275 173 cltA‘rYLtJS.
1499 125 1504 133 ’
1773 118 1833 171 θ’,

110 264 304 327 tendo,
340 265 459 331 qnia
490 266 680 316 numen
714 268 800 314 est
833 268 1009 314 tersae
1042 265 1099 315 et
1132 266 1382 329 purgatae
1427 262 1626 315 mentis
1671 259 1814 332 (Be-

114 337 618 400 converet-nd),
682 334 821 386 unde
863 335 1060 400 Iupiter
1128 335 1193 385 ab
1258 349 1323 385 eo
1373 340 1457 385 est
1518 341 1815 419 generatus.

113 411 299 476 Neque
346 409 541 459 abludit
594 403 709 477 Ούρ
710 401 852 460 άνου
897 421 1113 468 nomen,
1161 405 1299 471 quod
1334 407 1396 459 ἐκ
1432 406 1534 460 τοῦ
1570 402 1712 479 ὁρᾶν
1746 399 1833 462 τὰ

116 478 232 537 ἄνω
269 482 475 531 ductum
509 479 725 531 videtur.
796 477 856 529 Ρ.
891 478 1016 531 390.
1048 478 1111 532 Ε.
1148 505 1223 517 -
1291 478 1415 531 396.
1452 478 1515 534 A.

260 553 484 604 Miratur
526 552 614 601 hie
670 549 1028 616 Hermogenes
1078 548 1371 611 Socratem,
1431 550 1520 613 qui
1579 554 1823 614 tanquam

118 640 266 678 nero
301 623 520 689 quodam
551 623 735 672 furore
771 627 1046 688 correptus
1077 622 1200 672 talia
1221 621 1405 674 fundat
1432 620 1652 675 oracula.
1725 621 1826 672 cui

113 699 204 749 hie
236 696 520 761 respondet
551 710 754 747 eausam
787 695 865 744 rei
897 696 950 744 in
984 709 1049 745 eo
1085 695 1305 760 positam
1329 708 1468 754 esse,
1504 692 1642 758 quod
1675 709 1828 743 mane

118 785 234 820 eum
288 766 664 833 Enthyphrone
705 765 996 831 Prospaltio
1031 771 1360 821 conversatus
1397 766 1498 826 sit,
1534 765 1624 830 qui
1656 765 1828 831 ipsum

121 842 304 907 spiritu
350 840 455 889 isto
505 844 745 902 tanquam
785 837 952 888 divino
1011 837 1191 890 afflatu
1243 837 1541 903 repleverit,
1629 836 1831 899 Quodsi

120 919 290 963 autem
327 910 552 971 aecidat,
601 916 662 961 ut
706 910 760 963 in
805 909 1207 976 pervestigandis
1243 910 1500 960 nominum
1545 909 1845 974 originibus.

121 985 411 1049 delinquat,
453 981 611 1033 facile
653 998 715 1032 se
749 983 1164 1047 impetraturum,
1205 987 1265 1033 ut
1297 983 1528 1047 proximo
1566 980 1652 1031 die
1680 997 1711 1030 a
1746 996 1832 1030 sa·-
1893 1016 1897 1020 -

121 1057 336 1108 eerdote
370 1055 540 1121 aliquo
587 1060 677 1104 aut
711 1055 943 1120 sophista
980 1056 1234 1106 lustretur
1270 1060 1325 1104 et
1360 1054 1611 1119 expietur.
1647 1081 1651 1084 ·
1683 1051 1834 1103 Nune

121 1131 256 1180 enim
292 1128 579 1179 consultum
616 1127 714 1176 sibi
749 1127 910 1179 wideri
944 1128 1230 1180 institutam
1266 1126 1332 1178 de
1366 1126 1652 1177 nominibus
1675 1139 1836 1191 quae-

122 1203 343 1253 stionem
378 1200 671 1266 profligare.
747 1199 804 1256 P.
841 1201 965 1250 396.
1010 1200 1068 1252 Β.

266 1273 536 1323 Mittamus
571 1272 746 1337 igitur,
781 1272 965 1335 inquit,
1001 1272 1207 1338 propria
1227 1272 1490 1322 hominum
1527 1275 1583 1321 et
1617 1271 1854 1336 heroum?

124 1345 358 1406 nomina,
409 1350 470 1394 ut
515 1359 731 1407 quorum
779 1360 964 1394 causae
1000 1347 1169 1395 variae
1214 1350 1269 1394 et
1302 1342 1612 1408 multiplices
1648 1349 1839 1408 potue-

126 1423 248 1469 runt
295 1432 430 1469 esse.
515 1416 911 1467 Consideremus
955 1418 1126 1481 potius
1176 1433 1351 1467 earum
1396 1432 1572 1467 rerum
1618 1417 1842 1478 nomina,

129 1506 262 1556 qnae
306 1505 514 1553 semper
559 1496 797 1539 constant
848 1495 902 1539 et
950 1490 1281 1539 immutabilia
1316 1493 1462 1539 sunt:
1499 1504 1615 1538 nam
1650 1488 1751 1537 hoe
1787 1488 1842 1542 in

124 1577 319 1629 genere
365 1560 643 1609 verisimile
690 1566 774 1610 est
832 1567 1089 1610 nominum
1154 1567 1392 1613 auctores
1448 1559 1856 1624 diligentissime⁷>

125 1640 356 1684 versatos
392 1647 527 1681 esse.
603 1631 874 1680 Ordiamur
912 1633 1067 1697 igitur
1103 1649 1133 1681 a
1169 1633 1282 1683 diis.
1354 1631 1492 1680 Dieti
1515 1637 1687 1681 autem
1711 1634 1847 1685 'sunt

126 1707 265 1758 θεοὶ
297 1721 328 1754 a
377 1703 660 1764 currendo,
709 1703 846 1767 quod
883 1710 968 1753 est
1011 1705 1201 1765 θέειν,
1237 1708 1518 1770 propterea
1554 1703 1690 1771 quod
1731 1704 1846 1768 pri·-

130 1779 253 1830 stini
294 1777 531 1826 homines
574 1776 684 1826 sola
734 1775 903 1825 sidera
947 1791 1043 1841 per
1078 1778 1282 1831 eoelum
1318 1775 1580 1826 currentia
1613 1791 1709 1841 pro
1745 1775 1846 1825 diis

133 1851 453 1902 habueruut:
501 1861 715 1910 quorum
752 1863 936 1898 nomen
972 1848 1159 1902 deinde
1195 1849 1260 1898 ad
1297 1864 1474 1898 omnes
1511 1847 1638 1900 deos
1677 1857 1849 1899 trans*

132 1924 291 1975 latum
327 1926 427 1971 est.
502 1918 797 1983 Sequuntur
818 1919 1112 1983 daemones,
1150 1923 1238 1989 qui
1261 1920 1386 1970 dicti
1425 1927 1591 1971 sunta
1626 1919 1850 1984 δαῆναι,

134 1996 419 2061 snpientem
457 2006 594 2052 esse,
630 1993 747 2055 qnia
782 2006 935 2056 quum
972 1992 1060 2041 alii
1091 2008 1122 2041 a
1156 1994 1348 2042 virtute
1383 2000 1438 2042 et
1471 1995 1721 2056 sapientia
1742 1992 1851 2042 'de-
1855 2019 1857 2021 >

137 2068 418 2124 fecissent,
454 2064 510 2113 hi
547 2063 645 2113 soli
681 2064 803 2114 boni
839 2069 894 2113 et
929 2065 1188 2132 sapientes
1227 2071 1536 2116 manserunt.
1609 2063 1711 2116 lam
1748 2065 1854 2114 he·-

136 2154 259 2191 roes
306 2152 494 2187 nomen
532 2141 801 2187 traxerunt
836 2137 898 2185 ab
936 2134 1129 2206 είοειν,
1167 2137 1268 2185 hoe
1307 2144 1391 2186 est
1428 2154 1455 2186 a
1493 2137 1741 2201 dicendo,
1790 2141 1855 2188 ut

137 2210 491 2277 intelligantur
525 2207 750 2272 perfecti
787 2213 1022 2261 oratores
1058 2224 1117 2260 ae
1154 2209 1423 2260 dialectici.
1465 2206 1561 2277 (-
1598 2209 1721 2262 398.
1760 2195 1881 2276 E.)

140 2283 306 2335 Simili
351 2282 465 2331 lusu
501 2280 744 2349 deinceps
775 2286 1160 2346 pertractantur
1205 2282 1428 2347 origines
1466 2282 1722 2334 nominum
1758 2280 1859 2331 ho-

142 2357 291 2408 minis
328 2352 403 2423 (p.
438 2354 561 2404 399.
598 2353 662 2404 Λ.
697 2380 770 2390 --
806 2350 914 2421 D.)‚
951 2355 1182 2418 eorporis
1221 2358 1276 2402 et
1310 2354 1462 2403 animi
1510 2350 1585 2422 (p.
1631 2354 1754 2406 309.
1791 2354 1859 2408 Ε.

143 2456 220 2468 —
251 2427 375 2477 400.
404 2420 514 2494 D.).
564 2424 762 2477 Vestae
799 2423 874 2493 (p.
911 2425 1035 2479 401.
1073 2426 1220 2477 A-
1154 2422 1350 2496 -1).)
1388 2426 1545 2479 Croni
1583 2431 1638 2475 et
1672 2425 1857 2476 Rheae

148 2499 226 2567 (p.
261 2498 383 2549 402.
421 2494 530 2565 A.)‚
566 2496 740 2563 Thety
743 2512 803 2548 os
849 2493 1042 2565 (ibid.)
1088 2496 1337 2563 Neptuni
1358 2494 1434 2566 (p.
1481 2498 1625 2551 402.
1646 2495 1707 2550 D
1745 2495 1862 2565 Ε.),

148 2570 384 2623 Plutonis
420 2565 508 2638 (p.
541 2569 679 2620 403.
701 2566 824 2638 Λ.)
863 2569 985 2619 Orci
1023 2568 1241 2640 (ibidffB
1258 2565 1300 2638 )
1337 2571 1576 2631 Cereris
1633 2569 1863 2633 lunonis,

151 2642 514 2708 Persephones
559 2638 663 2710 (—
710 2642 834 2693 404.
881 2641 943 2693 D.
962 2648 1010 2703 ),
1052 2642 1331 2713 Apollinis
1360 2639 1447 2712 (p.
1498 2642 1622 2693 404.
1670 2643 1737 2698 Ε.
1786 2667 1881 2692 --,

151 2718 275 2767 400.
316 2710 437 2780 Δ.).
481 2711 746 2766 Musarum
785 2710 859 2782 (p
898 2713 1022 2763 400.
1057 2712 1178 2786 A.)‚
1212 2714 1441 2765 Latonae
1487 2712 1633 2783 (ibid.
1670 2715 1732 2767 A.
1770 2711 1863 2785 Β.)

153 2789 344 2838 Dianae
408 2785 526 2836 ibid.
563 2782 669 2859 Β..)
705 2785 918 2851 Dionysi
954 2792 1011 2836 et
1045 2787 1267 2838 Veneris
1305 2784 1451 2855 (ibid.
1491 2786 1548 2838 C
1589 2782 1697 2853 D..)
1752 2787 1865 2837 Mi·-

159 2874 345 2911 nervae
411 2857 634 2908 -.407
673 2854 778 2925 Β.),
814 2858 1029 2911 Vulcani
1065 2856 1139 2927 (p.
1175 2859 1299 2911 4⁰⁴1.
1340 2857 1445 2928 C.)
1493 2859 1677 2912 Martis
1716 2857 1865 2927 (ibid.

161 2931 287 2999 D),
331 2929 577 2981 Mercurii
612 2926 688 2998 (p.
726 2930 850 2980 407.
886 2930 949 2985 Ε.
984 2958 1056 2968 --
1091 2929 1217 2979 408.
1263 2927 1384 2998 A.).
1423 2932 1574 2982 Panis
1624 2929 1697 2999 (p.
1736 2931 1866 2984 408.

163 3006 223 3057 Β.
258 3028 330 3040 -
366 2998 487 3070 D.)
533 3002 607 3051 ita
650 3001 886 3066 quidem.
920 3006 979 3052 ut
1012 3002 1266 3055 uiolentae
1310 3004 1572 3055 literarum
1607 3009 1869 3067 permuta-

166 3080 336 3126 tiones
384 3072 714 3123 admittantur
762 3081 818 3124 et
864 3074 1211 3128 Eleatieorum
1261 3078 1451 3139 pariter
1498 3080 1651 3140 atque
1698 3075 1866 3126 Hera-

166 3149 437 3198 eliteorum
476 3149 531 3197 et
566 3145 903 3212 Orpliioorum
938 3148 1069 3196 ratio
1106 3144 1372 3200 habeatur.
1406 3175 1480 3185 —-
1557 3148 1604 3197 A
1652 3146 1867 3199 deorum

168 3219 453 3272 nominibus
492 3217 865 3284 transgreditur
901 3217 1144 3269 Socrates
1191 3218 1256 3268 ad
1292 3220 1444 3279 solis,
1497 3218 1668 3281 lunae,
1711 3220 1867 3286 ignis,

170 3306 349 3355 aquae,
389 3289 524 3339 setis
547 3294 604 3339 et
637 3295 825 3353 teme,
859 3293 974 3342 annui
1012 3298 1068 3341 et
1103 3296 1467 3355 tempestatum
1504 3291 1704 3343 nomina
1739 3309 1869 3342 eon-

171 3362 468 3424 tidennda,
511 3361 560 3412 in
609 3362 790 3427 quibus
837 3362 1160 3430 explorandis
1194 3362 1324 3414 ludit
1358 3364 1595 3415 similiter
1632 3360 1708 3431 (p.
1745 3364 1871 3415 409.
