2066 3666
636 185 1146 251 ‚summamus
1196 188 1239 243 1.
1680 189 1787 252 188

81 351 235 402 quum
269 332 545 401 disputatio
578 331 667 383 illa
699 330 768 381 de
802 331 955 381 animi
1002 336 1059 381 et
1094 329 1307 381 rationis
1342 334 1652 396 praestantia
1686 333 1782 385 de·-

81 424 184 473 que
219 409 299 457 sui
335 405 627 471 cognitione
648 404 848 468 'agitata
881 401 1008 452 nihil
1036 403 1311 464 contineat,
1346 403 1481 467 quod
1516 421 1616 455 non
1655 420 1781 470 pos-

81 480 152 529 sit
186 495 302 529 cum
336 475 563 528 Platonis
596 473 826 524 doctrina
845 473 1090 523 facillime
1115 473 1389 528 conciliari.
1458 475 1607 539 Quod
1644 477 1780 528 enim

79 550 297 600 docetur
329 547 711 606 humanitatem,
747 561 877 608 quae
911 547 1119 610 proprie
1137 545 1352 607 dicatur,
1386 546 1439 598 in
1471 562 1570 595 una
1602 553 1778 599 mente

79 628 139 672 et
167 622 367 671 ratione
408 620 607 678 inesse,
657 632 785 680 quae
822 617 1037 667 divinam
1083 615 1272 667 habeat
1307 615 1583 682 originem,
1629 618 1776 668 ideo-

76 709 179 757 que
215 709 330 741 cnm
362 691 519 740 rebus
553 688 730 737 divinis
755 689 1016 738 maximam
1044 690 1397 754 cognationem
1422 689 1637 749 referat,
1671 689 1777 740 fuit

74 765 177 814 hoc
212 763 451 829 placitum
485 759 688 810 Platoni
722 775 839 809 cum
875 759 1093 809 Socrate
1127 775 1423 821 commune,
1468 765 1529 810 nt
1562 766 1777 826 apparet

73 834 373 900 Xenoph.
410 832 569 885 Mem.
606 830 646 893 1,
681 831 747 892 4,
781 831 834 881 8.
910 831 1120 881 Cicer.
1156 830 1236 881 De
1269 831 1387 881 Nat.
1421 830 1580 886 Deor.
1614 833 1681 892 11,
1717 833 1772 882 6.

74 907 176 969 111,
214 907 301 955 11.
371 904 627 954 Phaedon.
673 916 723 968 p.
764 902 851 951 8⁰.
889 903 951 955 A.
989 918 1103 967 sqq,
1142 918 1192 969 p.
1227 903 1319 956 94.
1351 903 1413 958 Β,
1461 918 1575 968 sqq,
1645 902 1770 954 Phi..
1865 930 1868 934 -

71 977 174 1028 leb.
210 993 259 1043 p.
286 977 372 1029 16.
410 976 469 1027 C.
539 974 702 1040 Legg.
737 973 803 1028 V.
838 975 905 1023 in.
940 973 1156 1024 Timaeo
1191 977 1394 1040 passim.
1430 975 1636 1027 Abhac
1670 976 1770 1041 igi·

67 1055 156 1099 tur
199 1048 467 1114 profectus
514 1046 768 1097 sententia
811 1045 1147 1124 philosophus
1195 1047 1350 1097 etiam
1392 1049 1474 1098 sui
1519 1047 1771 1112 cognitio-

67 1136 186 1172 nem
220 1120 449 1170 definivit
485 1119 585 1180 ita,
619 1124 677 1168 nt
711 1133 823 1167 eam
859 1119 1072 1186 maxime
1109 1117 1172 1168 ad
1205 1119 1419 1169 rationis
1450 1135 1510 1169 ac
1537 1119 1768 1170 divinita-

68 1194 139 1243 tis
175 1191 535 1243 conscientiam
569 1194 866 1250 revocaret,
900 1190 1035 1239 unde
1071 1190 1434 1241 effloresceret
1465 1185 1503 1257 ἡ
1544 1207 1768 1263 σωφρο-

70 1258 243 1328 σύνη,
296 1263 363 1314 de
399 1278 496 1327 qua
530 1261 673 1328 legas
711 1260 967 1310 Charmid.
1001 1276 1053 1327 p.
1095 1262 1213 1315 164.
1250 1262 1311 1316 l).
1350 1278 1460 1329 sqq.
1498 1266 1559 1314 et‘
1586 1269 1766 1314 nostra

64 1335 130 1385 ad
191 1351 303 1385 eum
365 1335 550 1384 librum
606 1333 992 1398 Prolegomena.
1100 1334 1393 1400 Quanquam
1451 1349 1575 1384 vero
1631 1335 1766 1385 haec

62 1407 419 1472 disputationis
462 1422 582 1472 pars
630 1411 714 1454 est
747 1404 917 1470 paullo
954 1405 1245 1466 obscurior,
1298 1421 1427 1470 quae
1460 1411 1633 1456 tamen
1669 1407 1763 1456 ob-

60 1481 277 1528 scuritas
314 1479 527 1527 maxime
561 1477 747 1543 ineptis
781 1476 1105 1542 glossematis
1151 1481 1271 1527 nata
1317 1483 1431 1538 est;
1480 1483 1652 1528 tamen
1699 1494 1762 1528 ea

58 1550 188 1601 nihil
233 1550 622 1614 complectitur,
683 1548 819 1612 quod
862 1548 1090 1598 Platonis
1134 1550 1320 1599 rationi
1367 1548 1451 1599 vel
1494 1549 1763 1600 doctrinae

0 1650 15 1656 =·
56 1622 372 1671 adversetur.
442 1618 570 1671 Nam
606 1619 1024 1683 quemadmodum
1058 1620 1109 1668 in
1129 1619 1411 1684 Republica
1448 1626 1503 1671 et
1535 1620 1762 1687 Legibus

59 1709 124 1745 ex
167 1709 262 1754 eo,
321 1692 457 1758 quod
502 1692 698 1742 animus
760 1692 829 1742 sit
876 1707 995 1757 pars
1041 1690 1260 1741 hominis
1307 1694 1761 1758 praestantissimi,

0 1779 1 1831 γ
59 1765 318 1831 colligitur
352 1779 468 1814 enm
502 1764 717 1815 maxime
752 1764 919 1813 curari
954 1768 1011 1813 et
1043 1763 1234 1813 erudiri
1271 1769 1546 1829 oportere,
1595 1766 1669 1815 ita
1701 1765 1759 1816 in

0 1847 1 1885 ἕ
57 1836 323 1890 Alcibiade
356 1842 533 1887 nostro
569 1835 795 1901 cognitio
840 1836 923 1885 sui
965 1836 1019 1885 in
1064 1836 1219 1886 animi
1264 1841 1320 1887 et
1354 1853 1529 1888 rerum
1565 1836 1756 1887 divina-

57 1924 172 1959 rum
206 1909 386 1958 notitia
418 1909 590 1958 inesse
624 1907 867 1969 docetur,
905 1910 1182 1973 propterea
1219 1908 1354 1971 quod
1389 1910 1608 1959 animum
1644 1925 1756 1960 om·¹

0 1984 3 2042 ι
55 1996 174 2031 nem
201 1979 564 2029 humanitatem
599 1978 813 2029 efficere
850 1984 906 2028 et
939 1994 1055 2028 cum
1090 1979 1244 2030 rebus
1265 1979 1444 2031 divinis
1468 1981 1756 2039 arctissima

0 2046 3 2108 Ι
54 2052 435 2104 necessitudine
469 2051 721 2101 contineri
757 2051 1150 2103 demonstratur.

0 2142 4 2152 '
196 2136 442 2189 Videmus
490 2137 650 2202 igitur
692 2137 860 2202 ipsum
909 2136 1096 2203 dialogi
1140 2141 1490 2202 argumentum
1541 2139 1756 2206 eiusque

0 2167 6 2267 Ι
53 2208 454 2275 descriptionem
514 2207 645 2258 nihil
700 2208 921 2269 habere,
979 2207 1114 2274 quod
1158 2208 1389 2260 Platonis
1440 2211 1645 2276 ingenio
1696 2215 1753 2261 et

0 2274 6 2350 ἡ
55 2281 285 2333 sollertia
333 2280 591 2345 indignum
645 2280 729 2330 sit.
812 2279 1174 2346 Progredimnr
1228 2280 1292 2330 ad
1334 2282 1752 2333 considerandam

54 2355 299 2405 materiae
335 2352 720 2414 tractationem,
764 2367 894 2417 quae
927 2352 1011 2402 vel
1045 2354 1098 2402 in
1133 2354 1337 2403 scenico
1372 2355 1621 2405 sermonis
1656 2371 1752 2422 ap-

54 2432 233 2491 paratu
268 2423 351 2473 vel
396 2425 448 2474 in
483 2423 768 2474 disserendi
802 2423 970 2474 forma
1018 2430 1073 2474 et
1106 2426 1304 2475 ratione
1339 2431 1423 2475 est
1443 2423 1754 2494 conspicua.¹

54 2497 128 2548 Et
164 2497 396 2546 scenicus
440 2495 643 2559 quidem
694 2502 903 2545 ornatus
952 2498 1125 2562 operis
1163 2497 1263 2547 etsi
1297 2499 1521 2563 graviter
1570 2515 1599 2548 a
1636 2499 1749 2564 qui-

54 2568 270 2620 busdam
302 2569 617 2633 vituperatus
654 2573 759 2629 est,
795 2573 964 2617 tamen
999 2568 1153 2619 rebus
1188 2575 1423 2620 accurate
1458 2570 1752 2621 considera-

57 2641 127 2691 tis
177 2638 301 2690 nihil
344 2639 508 2705 inepti
556 2645 645 2689 ant
688 2639 867 2690 insulsi
901 2640 1095 2690 habere
1128 2640 1343 2691 videtur.
1414 2641 1546 2693 Nam
1580 2649 1752 2693 tem-

58 2727 180 2777 pus
230 2710 562 2776 colloquii
611 2712 711 2777 ipsi
752 2717 1050 2776 argumento
1094 2714 1452 2764 convenienter
1499 2716 1751 2765 constitu-

58 2791 193 2843 tum,
243 2781 644 2849 quandoquidem
682 2798 745 2833 ex
791 2798 854 2833 eo
903 2784 1051 2834 simul
1095 2786 1403 2852 perspicitur
1437 2786 1754 2838 Alcibiadem

58 2856 257 2908 nonnisi
301 2870 396 2920 per
431 2854 585 2904 breve
630 2860 834 2921 tempus
871 2854 1096 2906 Socratis
1130 2856 1474 2910 familiaritate
1517 2863 1573 2909 et
1606 2859 1753 2909 iusti-

59 2928 260 2978 tutione
296 2942 440 2975 usum
476 2941 610 2975 esse.
680 2926 922 2978 Habitum
947 2929 1152 2994 fingitur
1171 2929 1475 2993 colloquium
1496 2931 1754 2995 aliquanto

58 3005 179 3049 ante
212 3013 429 3064 pugnam
465 2997 528 3046 ad
562 2997 882 3060 Potidaeam,
928 3000 1080 3050 sicuti
1114 3015 1176 3050 ex
1208 3001 1270 3051 iis
1307 3002 1586 3068 apparebit,
1623 3018 1754 3066 quae

11 3072 14 3100 ³
65 3070 129 3120 ad
169 3086 219 3136 p.
259 3070 378 3119 103.
418 3068 477 3119 A.
515 3068 890 3135 disputavimus.
962 3073 1075 3136 Quo
1119 3077 1356 3138 tempore
1400 3072 1537 3139 quod
1569 3072 1753 3124 Socra·

13 3148 144 3193 ··tes
191 3140 441 3192 Alcibiadi
487 3148 609 3206 post
666 3142 864 3208 longius
913 3145 1160 3208 temporis
1216 3145 1530 3202 intervallum
1578 3161 1755 3196 rursus

61 3214 495 3279 appropinquasse
521 3219 767 3275 narratur,
802 3215 854 3264 id
877 3215 1080 3265 minime
1104 3222 1292 3281 pugnat
1321 3233 1436 3267 cum
1469 3216 1589 3278 illis,
1627 3233 1756 3283 quae

65 3284 302 3351 Sympos.
350 3300 400 3350 p.
450 3283 573 3334 215.
608 3284 669 3334 D.
719 3302 828 3351 sqq.
867 3293 922 3336 et
965 3286 1233 3353 Protagor.
1279 3289 1344 3337 iu.
1395 3288 1663 3354 leguntur,
1712 3290 1758 3338 si

16 3356 19 3393 ἴ
65 3355 271 3424 quidem
307 3372 435 3421 quae
470 3356 542 3405 ibi
576 3364 858 3420 narrantur,
893 3359 946 3408 in
985 3375 1047 3408 ea
1082 3366 1312 3425 tempora
1348 3358 1591 3421 incidunt,
1631 3376 1761 3426 quae

66 3434 256 3498 postca
287 3433 407 3483 sunt
441 3428 686 3488 insecuta.
753 3428 970 3487 Locus
1005 3445 1196 3501 porto,
1244 3431 1347 3485 etsi
1391 3446 1494 3488 nou
1526 3430 1761 3501 designa-
