2066 3666
291 189 399 241 eos
581 154 587 163 ’
829 162 1326 244 mammons
1364 188 1443 249 ιι.

296 329 435 382 tinae
479 331 804 386 transitiones
820 372 850 393 ,μ
871 350 1021 386 *nunc
1064 334 1348 386 insolentes
1391 332 1750 395 yocabulorum
1797 335 1982 386 consess

284 402 552 465 'cutiones,
599 421 729 457 nunc
781 408 1047 456 affectatae
1096 407 1377 472 elegantiae
1420 422 1660 466 venereS,
1710 422 1839 456 nunc
1888 408 1986 456 alia

295 473 605 526 admirabilia
639 479 857 544 legentis
894 481 1109 528 animum
1146 478 1448 542 percellunt.
1521 479 1712 544 Quibus
1750 478 1981 527 omnibus

296 547 512 596 orationi
535 551 690 599 vestis
710 551 994 614 variegatae
1028 554 1083 597 et
1121 565 1183 599 ex
1218 549 1551 608 discoloribus
1590 549 1765 613 pannis
1802 564 1985 597 consu-

297 621 383 666 tae
417 620 619 684 species
669 621 991 682 conciliatur,
1040 625 1114 669 ut'
1154 621 1313 668 omnis
1367 620 1552 669 deesse
1599 620 1828 669 videatur
1875 622 1985 669 eius

296 690 643 755 aequabilitas·
713 692 973 740 Haeccine
1018 707 1140 745 vero
1177 692 1349 755 ecquis
1400 692 1497 740 sibi
1542 691 1868 756 persuadebIt
1914 692 1989 741 ita

296 775 397 810 non
434 762 594 811 dicam
637 779 665 810 a
699 763 942 823 Platone,
980 762 1071 811 sed
1094 763 1169 810 -ab
1204 763 1309 811 ullo
1349 762 1448 811 alio
1485 763 1739 827 scriptore
1777 763 1987 827 elegen-'-

283 831 432 880 'tiore
472 835 625 882 scribi
659 835 927 898 potuisse?
998 834 1245 883 Nimirum
1280 834 1435 883 talem
1472 835 1798 898 scriptionem
1836 849 1986 899 aper-

254 907 407 952 χῒιιιιι
456 911 536 953 est
581 920 693 953 eum
732 906 904 969 potius
943 905 1157 966 decere,
1214 906 1298 969 qui
1343 907 1394 954 in
1441 921 1618 970 magna
1665 906 1861 970 proprii
1907 906 1988 954 iu·

298 974 434 1039 genii
490 980 544 1024 et
600 976 860 1026 sollertiae
918 978 1129 1041 penuria
1180 976 1394 1026 aliorum
1440 976 1710 1026 thesauros
1760 975 1986 1042 expilare

297 1050 450 1110 atque
503 1053 746 1096 centones
791 1047 1122 1112 undecunque
1181 1053 1415 1113 arreptos
1462 1049 1814 1097 consarcinare
1866 1062 1988 1096 con-

297 1118 549 1178 saeverit,
605 1119 804 1167 scilicet
851 1119 1118 1168 facundiae
1165 1135 1287 1168 suae
1332 1119 1549 1168 illustria
1607 1120 1770 1184 aliqua
1819 1119 1990 1184 speci-

296 1188 429 1235 mina
467 1189 712 1239 editurus.
786 1189 1038 1254 Pleiaque
1084 1191 1136 1238 id
1182 1206 1340 1254 genus
1375 1192 1495 1239 vitia
1535 1192 1745 1255 passim
1760 1192 1811 1239 iu
1849 1205 1990 1239 com-

295 1260 557 1310 meutariis
617 1263 927 1323 notavimus,
996 1263 1227 1327 quoniam
1283 1263 1355 1310 ita
1398 1262 1609 1310 demum
1663 1261 1817 1310 facile
1872 1278 2000 1317 sen-s

295 1332 493 1380 tiuntur
556 1336 610 1380 et
668 1334 1156 1395 animadiertuntur,
1220 1333 1265 1382 si
1292 1333 1438 1398 quis
1494 1332 1679 1382 Graeci
1741 1334 1991 1382 sermonis

276 1405 528 1469 ¹sequitur
562 1407 980 1468 perpetuitatem.
1054 1405 1159 1453 Sed
1205 1420 1270 1453 ne
1316 1405 1417 1453 hoc
1463 1405 1578 1453 loco
1620 1405 1878 1469 videamur
1923 1404 1991 1461 de

295 1489 356 1522 re
393 1475 711 1538 gravissima,
762 1481 816 1525 et
865 1493 993 1541 quae
1030 1477 1091 1524 ad
1138 1477 1280 1526 litem
1325 1476 1688 1525 diiudicandum
1721 1477 1994 1541 plurimum

295 1545 492 1608 valeat,
540 1547 736 1596 nonnisi
769 1549 1004 1597 universe
1041 1549 1258 1609 dixisse,
1307 1563 1430 1613 age,
1481 1553 1690 1612 praeter
1730 1565 1816 1609 ea,
1864 1563 1993 1612 quae
2057 1578 2063 1583 -

297 1615 365 1666 de
397 1617 497 1665 hoc
535 1633 725 1682 genere
775 1624 950 1668 notata
996 1624 1113 1686 sunt
1157 1620 1218 1669 ab
1254 1619 1447 1669 Astio
1494 1619 1571 1667 De
1609 1618 1714 1670 Vit.
1763 1625 1816 1668 et
1852 1618 1997 1667 Scri-

296 1689 405 1754 ptis
444 1687 573 1737 Plat.
613 1706 663 1754 p.
694 1690 802 1738 445
831 1705 934 1753 sq.,
969 1691 1204 1740 nonnulla
1241 1691 1454 1739 vitiosae
1490 1690 1723 1739 dictionis
1754 1691 1995 1755 exempla

297 1760 734 1824 consignabimus,
798 1778 926 1826 qnae
982 1764 1213 1826 quoniam
1273 1762 1355 1811 vel
1411 1779 1440 1810 a
1484 1761 1707 1810 Platonis
1753 1762 1995 1825 loquendi

295 1832 662 1880 consuetudine
706 1834 787 1881 vel
833 1835 893 1882 ab
933 1834 1155 1898 optimae
1202 1835 1385 1881 aetatis
1421 1849 1516 1880 usu
1553 1834 1829 1894 recedunt,
1879 1849 1997 1883 cer-

296 1903 496 1952 tissime
533 1910 763 1968 arguent*
792 1909 956 1952 totam
1003 1905 1133 1953 hanc
1181 1906 1509 1968 scriptionem
1549 1905 1801 1964 Graeculo
1843 1905 1995 1955 alicui

278 1975 603 2039 *posterioris
640 1977 819 2023 aetatis
858 1982 1115 2040 acceptam
1170 1977 1375 2027 referri.
1450 1977 1626 2041 Itaque
1675 1993 1724 2041 p.
1765 1977 1882 2029 138
1930 1977 1991 2030 Β.

300 2046 437 2111 quod
471 2045 539 2094 dii
575 2047 809 2097 dicuntur
846 2049 903 2098 ἐν
940 2042 1110 2120 ταύτῃ
1150 2047 1218 2121 τῇ
1259 2046 1362 2111 ἕξει
1400 2043 1556 2107 εἶναι,
1596 2050 1687 2096 ita
1724 2050 1992 2099 animati

301 2123 370 2166 et
407 2117 647 2167 affecti
684 2134 863 2179 esse,
912 2126 1124 2184 putasne
1162 2102 1320 2168 ullum
1357 2119 1505 2167 alium
1545 2121 1787 2183 pristinae
1825 2120 1991 2168 Grae-

300 2190 470 2238 citatis
519 2195 777 2239 auctorem
826 2192 895 2239 ita
941 2192 1205 2255 loquutum
1253 2191 1407 2240 esse‘l
1490 2188 1596 2238 Imo
1647 2191 1769 2238 mihi
1818 2193 1991 2253 crede,

298 2261 642 2326 posteriorum
679 2262 879 2311 demum
915 2265 1225 2327 scriptorum
1261 2279 1355 2311 usu
1391 2262 1518 2310 haec
1552 2262 1791 2326 loquendi
1826 2262 1992 2312 forma
2053 2278 2066 2310 ·,

274 2333 558 2381 ·eelebrata
610 2338 705 2385 est
798 2334 918 2399 Pag.
981 2335 1100 2384 140.
1149 2335 1207 2383 Β.
1263 2334 1517 2382 vocabulis
1570 2330 1876 2400 άπεογασιά
1939 2341 1993 2383 et

277 2399 718 2470 ’ἀπεργάζεσθαι
766 2422 826 2455 ea
874 2408 950 2454 vis
1002 2411 1054 2455 et
1104 2411 1335 2471 potestas
1385 2406 1612 2454 subiecta
1668 2413 1774 2467 est,
1839 2420 1986 2471 quam

300 2476 537 2525 nondum
554 2477 765 2526 vidimus
811 2478 896 2541 qui
941 2478 1022 2526 vel
1067 2479 1226 2542 ipsius
1263 2477 1488 2526 Platonis
1533 2477 1614 2525 vel
1649 2478 1859 2525 aliorum
1897 2478 1991 2527 bo-

301 2549 479 2595 norum
518 2549 822 2612 scriptorum
860 2550 1163 2598 auctoritate
1200 2549 1594 2610 confirmaverit,
1640 2565 1735 2597 nec
1771 2565 1989 2613 uuquam

302 2634 396 2673 nos
431 2619 629 2668 visuros
667 2621 1023 2670 existimamus.
1110 2620 1236 2670 Ibid.
1279 2615 1667 2690 μεγαλόψιχοι
1714 2636 1841 2685 per
1855 2638 1988 2672 vno·

308 2684 580 2757 κορισμὸν
629 2693 753 2740 satis
803 2693 1061 2741 inficetum
1111 2693 1248 2742 iuter
1295 2708 1506 2740 vesanos
1545 2699 1598 2740 et
1642 2691 1986 2756 imprudentes

273 2762 622 2824 ‘'refieruntur,
659 2764 744 2827 qui
779 2780 900 2813 usus
934 2764 1163 2812 vocabuli
1205 2769 1259 2812 et
1295 2764 1557 2830 singularis
1596 2769 1676 2812 est
1713 2770 1766 2812 et
1802 2780 1896 2829 per
1929 2781 1987 2814 se

302 2849 574 2898 sanequam
603 2835 868 2883 mirabilis.
940 2835 1065 2883 Ibid.
1103 2834 1163 2886 D.
1203 2834 1449 2884 formula·
1498 2848 1568 2896 ην
1616 2835 1708 2885 καὶ
1755 2838 1812 2886 ὲν
1849 2832 1990 2907 ἀρχῃ

280 2905 405 2957 τοῦ
443 2899 639 2971 λόγου,
694 2922 840 2969 quam
875 2907 1061 2972 excipit
1096 2906 1332 2971 deinceps
1369 2907 1638 2955 accusativi
1673 2922 1785 2956 cum
1820 2890 1985 2956 iufini·

294 2977 413 3038 ¹tivo
454 2979 796 3037 constructio,
852 2979 962 3042 quis
1017 2977 1215 3026 dubitet
1274 2980 1391 3041 quin
1451 2983 1712 3027 recentem
1770 2979 1986 3042 aliquem
2040 3020 2043 3033 ,.

304 3047 609 3097 Graeculum
665 3050 883 3113 arguat‘l
971 3049 1316 3098 Balbutientis
1361 3065 1514 3114 porro
1574 3054 1676 3110 est,
1740 3051 1870 3114 quod
1930 3066 2055 3115 p.

305 3120 425 3168 141.
464 3120 524 3168 Β.
562 3115 634 3179 ὠς
669 3116 882 3179 πάντας
930 3120 1118 3169 dicitur
1162 3121 1314 3169 sicuti
1363 3116 1435 3180 ὡς
1479 3119 1795 3181 πλείστουςς
1849 3121 1983 3185 quod
2022 3147 2053 3185 Ἲίς

275 3191 422 3239 ibid.
466 3189 526 3239 D.
575 3189 683 3253 ἤδη
727 3197 902 3240 contra
947 3204 1145 3240 morem⁴
1188 3196 1243 3240 et
1286 3193 1701 3240 consuetudinem
1749 3199 1986 3242 accurate

301 3259 615 3325 loquentium
650 3262 814 3310 alieno
852 3263 966 3310 loco
1005 3263 1333 3330 collocatur„
1356 3271 1410 3312 et
1445 3263 1579 3327 quod
1616 3265 1788 3327 paucis
1825 3265 1985 3313 versi-
2048 3267 2049 3287 ³

301 3332 396 3382 bus
433 3334 716 3382 interiectis
757 3334 873 3383 ἔνια
907 3334 1119 3382 ridicule
1139 3333 1424 3387 infercitur.
1484 3334 1642 3384 Visne
1679 3336 1830 3383 etiam
1868 3351 1984 3399 spe-
2044 3381 2047 3396 J

268 3404 463 3456 rcimen
506 3404 710 3470 aliquod
755 3405 1022 3458 affectatae
1054 3405 1377 3472 elegantiae‘}
1441 3405 1525 3458 En
1560 3405 1718 3458 habes
1767 3422 1819 3472 p.
1865 3406 1984 3461 142.
2044 3421 2045 3428 ¹
