<?xml version="1.0" encoding="UTF-8"?>
<!DOCTYPE html PUBLIC "-//W3C//DTD XHTML 1.0 Transitional//EN"
    "http://www.w3.org/TR/xhtml1/DTD/xhtml1-transitional.dtd">
<html xmlns="http://www.w3.org/1999/xhtml" xml:lang="en" lang="en">
 <head>
  <title>
</title>
<meta http-equiv="Content-Type" content="text/html;charset=utf-8" />
  <meta name='ocr-system' content='tesseract 3.04.00' />
  <meta name='ocr-capabilities' content='ocr_page ocr_carea ocr_par ocr_line ocrx_word'/>
</head>
<body>
  <div class='ocr_page' id='page_1' title='image "./s1s2operaomniare05platuoft_0183.png"; bbox 0 0 2066 3666; ppageno 0'>
   <div class='ocr_carea' id='block_1_1' title="bbox 599 148 1763 225">
    <p class='ocr_par' dir='ltr' id='par_1_1' title="bbox 599 148 1763 225">
     <span class='ocr_line' id='line_1_1' title="bbox 599 148 1763 225; baseline -0.002 0"><span class='ocrx_word' id='word_1_1' title='bbox 599 148 1120 225; x_wconf 55' lang='lat' dir='ltr'>&#39;ALCIBIADES</span> <span class='ocrx_word' id='word_1_2' title='bbox 1167 170 1210 223; x_wconf 87' lang='lat'>1.</span> <span class='ocrx_word' id='word_1_3' title='bbox 1652 167 1763 223; x_wconf 59' lang='grc' dir='ltr'>ιτα</span> 
     </span>
    </p>
   </div>
   <div class='ocr_carea' id='block_1_2' title="bbox 0 312 1785 2032">
    <p class='ocr_par' dir='ltr' id='par_1_2' title="bbox 31 312 1775 1387">
     <span class='ocr_line' id='line_1_2' title="bbox 50 312 1764 386; baseline -0.004 -13"><span class='ocrx_word' id='word_1_4' title='bbox 50 333 178 386; x_wconf 81' lang='lat' dir='ltr'>eo,</span> <span class='ocrx_word' id='word_1_5' title='bbox 229 331 352 384; x_wconf 83' lang='lat' dir='ltr'>quo</span> <span class='ocrx_word' id='word_1_6' title='bbox 396 314 651 376; x_wconf 64' lang='lat' dir='ltr'>tendiS,</span> <span class='ocrx_word' id='word_1_7' title='bbox 697 314 1082 380; x_wconf 83' lang='lat' dir='ltr'>pervenire,</span> <span class='ocrx_word' id='word_1_8' title='bbox 1128 326 1292 378; x_wconf 87' lang='lat' dir='ltr'>eaque</span> <span class='ocrx_word' id='word_1_9' title='bbox 1327 312 1440 379; x_wconf 86' lang='lat' dir='ltr'>ipsa</span> <span class='ocrx_word' id='word_1_10' title='bbox 1474 329 1627 365; x_wconf 84' lang='lat' dir='ltr'>causa</span> <span class='ocrx_word' id='word_1_11' title='bbox 1662 316 1764 377; x_wconf 75' lang='lat' dir='ltr'>est,</span> 
     </span>
     <span class='ocr_line' id='line_1_3' title="bbox 66 385 1764 449; baseline -0.004 -7"><span class='ocrx_word' id='word_1_12' title='bbox 66 408 162 443; x_wconf 86' lang='lat' dir='ltr'>cur</span> <span class='ocrx_word' id='word_1_13' title='bbox 208 390 338 440; x_wconf 83' lang='lat' dir='ltr'>deus</span> <span class='ocrx_word' id='word_1_14' title='bbox 373 389 502 439; x_wconf 82' lang='lat' dir='ltr'>mihi</span> <span class='ocrx_word' id='word_1_15' title='bbox 544 401 677 438; x_wconf 83' lang='lat' dir='ltr'>nunc</span> <span class='ocrx_word' id='word_1_16' title='bbox 712 385 914 435; x_wconf 88' lang='lat' dir='ltr'>demum</span> <span class='ocrx_word' id='word_1_17' title='bbox 949 402 1128 437; x_wconf 85' lang='lat' dir='ltr'>rursus</span> <span class='ocrx_word' id='word_1_18' title='bbox 1166 391 1337 436; x_wconf 86' lang='lat' dir='ltr'>tecum</span> <span class='ocrx_word' id='word_1_19' title='bbox 1376 386 1600 449; x_wconf 77' lang='lat' dir='ltr'>colloqui</span> <span class='ocrx_word' id='word_1_20' title='bbox 1635 401 1764 437; x_wconf 87' lang='lat' dir='ltr'>con-</span> 
     </span>
     <span class='ocr_line' id='line_1_4' title="bbox 70 457 1764 523; baseline -0.002 -11"><span class='ocrx_word' id='word_1_21' title='bbox 70 463 307 515; x_wconf 77' lang='lat' dir='ltr'>cesserit.</span> <span class='ocrx_word' id='word_1_22' title='bbox 377 459 507 511; x_wconf 78' lang='lat' dir='ltr'>Nam</span> <span class='ocrx_word' id='word_1_23' title='bbox 541 472 696 523; x_wconf 83' lang='lat' dir='ltr'>quum</span> <span class='ocrx_word' id='word_1_24' title='bbox 730 473 876 508; x_wconf 82' lang='lat' dir='ltr'>esses</span> <span class='ocrx_word' id='word_1_25' title='bbox 911 462 1081 507; x_wconf 84' lang='lat' dir='ltr'>aetate</span> <span class='ocrx_word' id='word_1_26' title='bbox 1114 457 1443 516; x_wconf 81' lang='lat' dir='ltr'><strong>imbecillior</strong></span> <span class='ocrx_word' id='word_1_27' title='bbox 1487 473 1576 506; x_wconf 74' lang='lat' dir='ltr'>vei</span> <span class='ocrx_word' id='word_1_28' title='bbox 1580 458 1764 508; x_wconf 91' lang='lat' dir='ltr'>endum</span> 
     </span>
     <span class='ocr_line' id='line_1_5' title="bbox 67 529 1767 595; baseline -0.004 -9"><span class='ocrx_word' id='word_1_29' title='bbox 67 551 191 586; x_wconf 85' lang='lat' dir='ltr'>sane</span> <span class='ocrx_word' id='word_1_30' title='bbox 239 533 367 595; x_wconf 82' lang='lat' dir='ltr'>fuit,</span> <span class='ocrx_word' id='word_1_31' title='bbox 422 547 488 582; x_wconf 92' lang='lat' dir='ltr'>ne</span> <span class='ocrx_word' id='word_1_32' title='bbox 533 545 798 580; x_wconf 82' lang='lat' dir='ltr'><strong>sermones</strong></span> <span class='ocrx_word' id='word_1_33' title='bbox 850 529 954 579; x_wconf 87' lang='lat' dir='ltr'>mei</span> <span class='ocrx_word' id='word_1_34' title='bbox 1009 529 1144 579; x_wconf 88' lang='lat' dir='ltr'>irriti</span> <span class='ocrx_word' id='word_1_35' title='bbox 1189 533 1367 578; x_wconf 87' lang='lat' dir='ltr'>essent</span> <span class='ocrx_word' id='word_1_36' title='bbox 1411 544 1767 594; x_wconf 86' lang='lat' dir='ltr'>prosperoque</span> 
     </span>
     <span class='ocr_line' id='line_1_6' title="bbox 69 600 1766 665; baseline -0.004 -8"><span class='ocrx_word' id='word_1_37' title='bbox 69 611 257 658; x_wconf 81' lang='lat' dir='ltr'>eventu</span> <span class='ocrx_word' id='word_1_38' title='bbox 291 605 557 662; x_wconf 78' lang='lat' dir='ltr'>carerent3</span> <span class='ocrx_word' id='word_1_39' title='bbox 591 617 723 659; x_wconf 79' lang='lat' dir='ltr'>nunc</span> <span class='ocrx_word' id='word_1_40' title='bbox 759 606 930 650; x_wconf 88' lang='lat' dir='ltr'>autem</span> <span class='ocrx_word' id='word_1_41' title='bbox 967 601 1031 650; x_wconf 85' lang='lat' dir='ltr'>ad</span> <span class='ocrx_word' id='word_1_42' title='bbox 1064 600 1118 650; x_wconf 89' lang='lat' dir='ltr'>id</span> <span class='ocrx_word' id='word_1_43' title='bbox 1154 602 1334 650; x_wconf 83' lang='lat' dir='ltr'>aetatis</span> <span class='ocrx_word' id='word_1_44' title='bbox 1373 601 1667 665; x_wconf 76' lang='lat' dir='ltr'>pervenisti,</span> <span class='ocrx_word' id='word_1_45' title='bbox 1706 606 1766 651; x_wconf 85' lang='lat' dir='ltr'>ut</span> 
     </span>
     <span class='ocr_line' id='line_1_7' title="bbox 66 669 1770 741; baseline -0.005 -12"><span class='ocrx_word' id='word_1_46' title='bbox 66 693 171 730; x_wconf 87' lang='lat' dir='ltr'>non</span> <span class='ocrx_word' id='word_1_47' title='bbox 194 677 389 726; x_wconf 77' lang='lat' dir='ltr'>frustra</span> <span class='ocrx_word' id='word_1_48' title='bbox 409 674 700 724; x_wconf 88' lang='lat' dir='ltr'>institutum</span> <span class='ocrx_word' id='word_1_49' title='bbox 734 673 800 722; x_wconf 88' lang='lat' dir='ltr'>iri</span> <span class='ocrx_word' id='word_1_50' title='bbox 833 673 935 722; x_wconf 86' lang='lat' dir='ltr'>hoc</span> <span class='ocrx_word' id='word_1_51' title='bbox 958 671 1266 737; x_wconf 77' lang='lat' dir='ltr'>colloquium</span> <span class='ocrx_word' id='word_1_52' title='bbox 1293 682 1505 737; x_wconf 82' lang='lat' dir='ltr'>sperare</span> <span class='ocrx_word' id='word_1_53' title='bbox 1530 669 1770 741; x_wconf 83' lang='lat' dir='ltr'>liceat*).</span> 
     </span>
     <span class='ocr_line' id='line_1_8' title="bbox 67 742 1768 810; baseline -0.004 -11"><span class='ocrx_word' id='word_1_54' title='bbox 67 749 168 799; x_wconf 81' lang='lat' dir='ltr'>His</span> <span class='ocrx_word' id='word_1_55' title='bbox 212 746 397 797; x_wconf 83' lang='lat' dir='ltr'>auditis</span> <span class='ocrx_word' id='word_1_56' title='bbox 439 745 655 795; x_wconf 86' lang='lat' dir='ltr'>miratur</span> <span class='ocrx_word' id='word_1_57' title='bbox 699 744 1026 804; x_wconf 68' lang='lat' dir='ltr'>Alcibiades,</span> <span class='ocrx_word' id='word_1_58' title='bbox 1086 744 1222 810; x_wconf 85' lang='lat' dir='ltr'>qnod</span> <span class='ocrx_word' id='word_1_59' title='bbox 1267 742 1507 793; x_wconf 83' lang='lat' dir='ltr'>Socrates</span> <span class='ocrx_word' id='word_1_60' title='bbox 1554 743 1768 805; x_wconf 80' lang='lat' dir='ltr'>dixerat,</span> 
     </span>
     <span class='ocr_line' id='line_1_9' title="bbox 31 811 1769 883; baseline -0.003 -13"><span class='ocrx_word' id='word_1_61' title='bbox 31 811 35 820; x_wconf 71' lang='grc'><em>’</em></span> <span class='ocrx_word' id='word_1_62' title='bbox 68 819 186 870; x_wconf 81' lang='lat' dir='ltr'>fleri</span> <span class='ocrx_word' id='word_1_63' title='bbox 218 833 322 869; x_wconf 90' lang='lat' dir='ltr'>non</span> <span class='ocrx_word' id='word_1_64' title='bbox 360 832 550 883; x_wconf 85' lang='lat' dir='ltr'>posse,</span> <span class='ocrx_word' id='word_1_65' title='bbox 594 822 655 866; x_wconf 90' lang='lat' dir='ltr'>nt</span> <span class='ocrx_word' id='word_1_66' title='bbox 695 817 806 867; x_wconf 88' lang='lat' dir='ltr'>sine</span> <span class='ocrx_word' id='word_1_67' title='bbox 852 817 1012 881; x_wconf 86' lang='lat' dir='ltr'>ipsius</span> <span class='ocrx_word' id='word_1_68' title='bbox 1050 816 1234 866; x_wconf 84' lang='lat' dir='ltr'>auxilio</span> <span class='ocrx_word' id='word_1_69' title='bbox 1271 815 1482 865; x_wconf 87' lang='lat' dir='ltr'>consilia</span> <span class='ocrx_word' id='word_1_70' title='bbox 1519 831 1609 865; x_wconf 88' lang='lat' dir='ltr'>sua</span> <span class='ocrx_word' id='word_1_71' title='bbox 1645 831 1769 881; x_wconf 87' lang='lat' dir='ltr'>pcr-</span> 
     </span>
     <span class='ocr_line' id='line_1_10' title="bbox 67 887 1773 953; baseline -0.004 -10"><span class='ocrx_word' id='word_1_72' title='bbox 67 891 272 944; x_wconf 78' lang='lat' dir='ltr'>ficeret.</span> <span class='ocrx_word' id='word_1_73' title='bbox 343 889 440 940; x_wconf 85' lang='lat' dir='ltr'>Cui</span> <span class='ocrx_word' id='word_1_74' title='bbox 487 888 580 938; x_wconf 86' lang='lat' dir='ltr'>ille</span> <span class='ocrx_word' id='word_1_75' title='bbox 627 889 702 939; x_wconf 89' lang='lat' dir='ltr'>ita</span> <span class='ocrx_word' id='word_1_76' title='bbox 736 887 1015 953; x_wconf 89' lang='lat' dir='ltr'>pollicetur</span> <span class='ocrx_word' id='word_1_77' title='bbox 1049 903 1108 939; x_wconf 91' lang='lat' dir='ltr'>se</span> <span class='ocrx_word' id='word_1_78' title='bbox 1145 888 1295 937; x_wconf 86' lang='lat' dir='ltr'>huius</span> <span class='ocrx_word' id='word_1_79' title='bbox 1329 888 1408 937; x_wconf 87' lang='lat' dir='ltr'>rei</span> <span class='ocrx_word' id='word_1_80' title='bbox 1443 903 1645 938; x_wconf 85' lang='lat' dir='ltr'>causam</span> <span class='ocrx_word' id='word_1_81' title='bbox 1683 902 1773 937; x_wconf 73' lang='lat' dir='ltr'>ex-</span> 
     </span>
     <span class='ocr_line' id='line_1_11' title="bbox 66 958 1773 1030; baseline -0.003 -17"><span class='ocrx_word' id='word_1_82' title='bbox 66 963 402 1030; x_wconf 80' lang='lat' dir='ltr'>plicatumm,</span> <span class='ocrx_word' id='word_1_83' title='bbox 451 961 499 1010; x_wconf 85' lang='lat' dir='ltr'>si</span> <span class='ocrx_word' id='word_1_84' title='bbox 542 958 668 1010; x_wconf 81' lang='lat' dir='ltr'>velit</span> <span class='ocrx_word' id='word_1_85' title='bbox 713 975 830 1009; x_wconf 88' lang='lat' dir='ltr'>cum</span> <span class='ocrx_word' id='word_1_86' title='bbox 870 959 988 1024; x_wconf 89' lang='lat' dir='ltr'>ipso</span> <span class='ocrx_word' id='word_1_87' title='bbox 1030 959 1301 1010; x_wconf 85' lang='lat' dir='ltr'>instituere</span> <span class='ocrx_word' id='word_1_88' title='bbox 1334 974 1624 1010; x_wconf 88' lang='lat' dir='ltr'>sermonem</span> <span class='ocrx_word' id='word_1_89' title='bbox 1660 958 1773 1009; x_wconf 86' lang='lat' dir='ltr'>lon-</span> 
     </span>
     <span class='ocr_line' id='line_1_12' title="bbox 68 1031 1775 1103; baseline -0.002 -18"><span class='ocrx_word' id='word_1_90' title='bbox 68 1032 531 1103; x_wconf 81' lang='lat' dir='ltr'>giorem.1taque</span> <span class='ocrx_word' id='word_1_91' title='bbox 576 1031 761 1082; x_wconf 89' lang='lat' dir='ltr'>dehinc</span> <span class='ocrx_word' id='word_1_92' title='bbox 805 1031 1006 1080; x_wconf 82' lang='lat' dir='ltr'>orditur</span> <span class='ocrx_word' id='word_1_93' title='bbox 1040 1032 1384 1097; x_wconf 78' lang='lat' dir='ltr'>colloquium,</span> <span class='ocrx_word' id='word_1_94' title='bbox 1432 1032 1515 1081; x_wconf 90' lang='lat' dir='ltr'>cui</span> <span class='ocrx_word' id='word_1_95' title='bbox 1550 1031 1652 1081; x_wconf 89' lang='lat' dir='ltr'>hoc</span> <span class='ocrx_word' id='word_1_96' title='bbox 1688 1035 1775 1082; x_wconf 85' lang='lat' dir='ltr'>est</span> 
     </span>
     <span class='ocr_line' id='line_1_13' title="bbox 72 1103 1774 1189; baseline -0.002 -32"><span class='ocrx_word' id='word_1_97' title='bbox 72 1106 430 1174; x_wconf 67' lang='lat' dir='ltr'>propositum,</span> <span class='ocrx_word' id='word_1_98' title='bbox 454 1111 525 1153; x_wconf 87' lang='lat' dir='ltr'>ut</span> <span class='ocrx_word' id='word_1_99' title='bbox 558 1103 850 1154; x_wconf 85' lang='lat' dir='ltr'>Alcibiades</span> <span class='ocrx_word' id='word_1_100' title='bbox 884 1119 1059 1153; x_wconf 88' lang='lat' dir='ltr'>rerum</span> <span class='ocrx_word' id='word_1_101' title='bbox 1092 1105 1499 1189; x_wconf 66' lang='lat' dir='ltr'>gravissimarum</span> <span class='ocrx_word' id='word_1_102' title='bbox 1534 1103 1774 1170; x_wconf 81' lang='lat' dir='ltr'>ignoran-</span> 
     </span>
     <span class='ocr_line' id='line_1_14' title="bbox 70 1156 1775 1242; baseline -0.004 -12"><span class='ocrx_word' id='word_1_103' title='bbox 70 1180 177 1230; x_wconf 72' lang='lat' dir='ltr'>tine</span> <span class='ocrx_word' id='word_1_104' title='bbox 211 1182 518 1242; x_wconf 78' lang='lat' dir='ltr'>coarguatur</span> <span class='ocrx_word' id='word_1_105' title='bbox 566 1181 623 1226; x_wconf 88' lang='lat' dir='ltr'>et</span> <span class='ocrx_word' id='word_1_106' title='bbox 671 1175 733 1224; x_wconf 88' lang='lat' dir='ltr'>ad</span> <span class='ocrx_word' id='word_1_107' title='bbox 770 1156 1035 1225; x_wconf 87' lang='lat' dir='ltr'>meliorem</span> <span class='ocrx_word' id='word_1_108' title='bbox 1085 1177 1165 1226; x_wconf 87' lang='lat' dir='ltr'>sui</span> <span class='ocrx_word' id='word_1_109' title='bbox 1205 1176 1546 1242; x_wconf 83' lang='lat' dir='ltr'>cognitionem</span> <span class='ocrx_word' id='word_1_110' title='bbox 1582 1175 1775 1240; x_wconf 78' lang='lat' dir='ltr'>perdu-</span> 
     </span>
     <span class='ocr_line' id='line_1_15' title="bbox 70 1247 1775 1313; baseline -0.002 -12"><span class='ocrx_word' id='word_1_111' title='bbox 70 1255 234 1301; x_wconf 70' lang='lat' dir='ltr'>catur.</span> <span class='ocrx_word' id='word_1_112' title='bbox 301 1248 422 1299; x_wconf 83' lang='lat' dir='ltr'>Hoc</span> <span class='ocrx_word' id='word_1_113' title='bbox 457 1248 693 1297; x_wconf 89' lang='lat' dir='ltr'>nimirum</span> <span class='ocrx_word' id='word_1_114' title='bbox 727 1247 855 1298; x_wconf 91' lang='lat' dir='ltr'>illud</span> <span class='ocrx_word' id='word_1_115' title='bbox 891 1248 1060 1313; x_wconf 87' lang='lat' dir='ltr'>ipsum</span> <span class='ocrx_word' id='word_1_116' title='bbox 1097 1253 1180 1297; x_wconf 92' lang='lat' dir='ltr'>est</span> <span class='ocrx_word' id='word_1_117' title='bbox 1210 1248 1464 1309; x_wconf 83' lang='lat' dir='ltr'>auxilium,</span> <span class='ocrx_word' id='word_1_118' title='bbox 1502 1247 1637 1311; x_wconf 90' lang='lat' dir='ltr'>quod</span> <span class='ocrx_word' id='word_1_119' title='bbox 1675 1247 1775 1297; x_wconf 88' lang='lat' dir='ltr'>So·-</span> 
     </span>
     <span class='ocr_line' id='line_1_16' title="bbox 72 1319 1775 1387; baseline -0.002 -14"><span class='ocrx_word' id='word_1_120' title='bbox 72 1327 244 1373; x_wconf 82' lang='lat' dir='ltr'>crates</span> <span class='ocrx_word' id='word_1_121' title='bbox 266 1321 491 1387; x_wconf 82' lang='lat' dir='ltr'>superbo</span> <span class='ocrx_word' id='word_1_122' title='bbox 528 1325 585 1370; x_wconf 86' lang='lat' dir='ltr'>et</span> <span class='ocrx_word' id='word_1_123' title='bbox 618 1319 753 1370; x_wconf 86' lang='lat' dir='ltr'>elato</span> <span class='ocrx_word' id='word_1_124' title='bbox 792 1319 1178 1370; x_wconf 87' lang='lat' dir='ltr'>adolescentulo</span> <span class='ocrx_word' id='word_1_125' title='bbox 1202 1324 1466 1385; x_wconf 86' lang='lat' dir='ltr'>praestare</span> <span class='ocrx_word' id='word_1_126' title='bbox 1490 1320 1775 1370; x_wconf 88' lang='lat' dir='ltr'>constituit.</span> 
     </span>
    </p>

    <p class='ocr_par' dir='ltr' id='par_1_3' title="bbox 0 1390 1785 2032">
     <span class='ocr_line' id='line_1_17' title="bbox 215 1390 1777 1457; baseline -0.001 -14"><span class='ocrx_word' id='word_1_127' title='bbox 215 1392 318 1443; x_wconf 75' lang='lat' dir='ltr'>Est</span> <span class='ocrx_word' id='word_1_128' title='bbox 353 1397 523 1442; x_wconf 84' lang='lat' dir='ltr'>autem</span> <span class='ocrx_word' id='word_1_129' title='bbox 554 1407 749 1442; x_wconf 82' lang='lat' dir='ltr'>summa</span> <span class='ocrx_word' id='word_1_130' title='bbox 776 1393 1026 1442; x_wconf 82' lang='lat' dir='ltr'>sermonis</span> <span class='ocrx_word' id='word_1_131' title='bbox 1062 1390 1179 1441; x_wconf 85' lang='lat' dir='ltr'>fere</span> <span class='ocrx_word' id='word_1_132' title='bbox 1214 1392 1359 1441; x_wconf 89' lang='lat' dir='ltr'>haec.</span> <span class='ocrx_word' id='word_1_133' title='bbox 1431 1390 1526 1442; x_wconf 86' lang='lat' dir='ltr'>Vis</span> <span class='ocrx_word' id='word_1_134' title='bbox 1563 1407 1706 1457; x_wconf 82' lang='lat' dir='ltr'>ergo,</span> <span class='ocrx_word' id='word_1_135' title='bbox 1742 1405 1777 1442; x_wconf 88' lang='lat' dir='ltr'>o</span> 
     </span>
     <span class='ocr_line' id='line_1_18' title="bbox 72 1462 1779 1531; baseline -0.001 -16"><span class='ocrx_word' id='word_1_136' title='bbox 72 1463 240 1526; x_wconf 88' lang='lat' dir='ltr'>bone,</span> <span class='ocrx_word' id='word_1_137' title='bbox 294 1465 458 1528; x_wconf 88' lang='lat' dir='ltr'>inquit</span> <span class='ocrx_word' id='word_1_138' title='bbox 504 1462 778 1524; x_wconf 68' lang='lat' dir='ltr'>SocrateS,</span> <span class='ocrx_word' id='word_1_139' title='bbox 825 1464 968 1514; x_wconf 77' lang='lat' dir='ltr'>brevi</span> <span class='ocrx_word' id='word_1_140' title='bbox 1007 1468 1246 1529; x_wconf 88' lang='lat' dir='ltr'>tempore</span> <span class='ocrx_word' id='word_1_141' title='bbox 1293 1463 1609 1531; x_wconf 83' lang='lat' dir='ltr'>reipublicae</span> <span class='ocrx_word' id='word_1_142' title='bbox 1653 1462 1779 1514; x_wconf 86' lang='lat' dir='ltr'>dare</span> 
     </span>
     <span class='ocr_line' id='line_1_19' title="bbox 74 1535 1778 1601; baseline 0.001 -16"><span class='ocrx_word' id='word_1_143' title='bbox 74 1551 286 1601; x_wconf 82' lang='lat' dir='ltr'>operam</span> <span class='ocrx_word' id='word_1_144' title='bbox 333 1544 490 1598; x_wconf 84' lang='lat' dir='ltr'>atque</span> <span class='ocrx_word' id='word_1_145' title='bbox 537 1535 691 1596; x_wconf 87' lang='lat' dir='ltr'>saluti</span> <span class='ocrx_word' id='word_1_146' title='bbox 734 1535 952 1585; x_wconf 79' lang='lat' dir='ltr'>civitatis</span> <span class='ocrx_word' id='word_1_147' title='bbox 999 1535 1286 1588; x_wconf 88' lang='lat' dir='ltr'>consulere.</span> <span class='ocrx_word' id='word_1_148' title='bbox 1370 1535 1566 1598; x_wconf 77' lang='lat' dir='ltr'>Quodsi</span> <span class='ocrx_word' id='word_1_149' title='bbox 1619 1535 1778 1600; x_wconf 81' lang='lat' dir='ltr'>igitur</span> 
     </span>
     <span class='ocr_line' id='line_1_20' title="bbox 0 1603 1781 1675; baseline 0.001 -19"><span class='ocrx_word' id='word_1_150' title='bbox 0 1610 5 1661; x_wconf 73' lang='grc' dir='ltr'>ἑ</span> <span class='ocrx_word' id='word_1_151' title='bbox 74 1622 174 1673; x_wconf 82' lang='lat' dir='ltr'>ego</span> <span class='ocrx_word' id='word_1_152' title='bbox 207 1614 263 1656; x_wconf 87' lang='lat' dir='ltr'>te</span> <span class='ocrx_word' id='word_1_153' title='bbox 298 1607 350 1656; x_wconf 90' lang='lat' dir='ltr'>in</span> <span class='ocrx_word' id='word_1_154' title='bbox 385 1614 686 1671; x_wconf 81' lang='lat' dir='ltr'>suggestum</span> <span class='ocrx_word' id='word_1_155' title='bbox 718 1606 1060 1672; x_wconf 85' lang='lat' dir='ltr'>prodeuntem</span> <span class='ocrx_word' id='word_1_156' title='bbox 1075 1603 1159 1675; x_wconf 85' lang='lat'>**)</span> <span class='ocrx_word' id='word_1_157' title='bbox 1195 1608 1527 1672; x_wconf 84' lang='lat' dir='ltr'>interrogem,</span> <span class='ocrx_word' id='word_1_158' title='bbox 1547 1623 1682 1656; x_wconf 77' lang='lat' dir='ltr'>num</span> <span class='ocrx_word' id='word_1_159' title='bbox 1719 1612 1781 1657; x_wconf 83' lang='lat' dir='ltr'>tu</span> 
     </span>
     <span class='ocr_line' id='line_1_21' title="bbox 0 1678 1780 1744; baseline 0.001 -15"><span class='ocrx_word' id='word_1_160' title='bbox 0 1684 6 1696; x_wconf 92' lang='lat'><em>&#39;</em></span> <span class='ocrx_word' id='word_1_161' title='bbox 72 1679 265 1730; x_wconf 85' lang='lat' dir='ltr'>ceteris</span> <span class='ocrx_word' id='word_1_162' title='bbox 304 1679 536 1728; x_wconf 86' lang='lat' dir='ltr'>omnibns</span> <span class='ocrx_word' id='word_1_163' title='bbox 573 1678 756 1728; x_wconf 85' lang='lat' dir='ltr'>melius</span> <span class='ocrx_word' id='word_1_164' title='bbox 793 1684 1068 1743; x_wconf 88' lang='lat' dir='ltr'>perspecta</span> <span class='ocrx_word' id='word_1_165' title='bbox 1104 1679 1297 1728; x_wconf 82' lang='lat' dir='ltr'>habeas</span> <span class='ocrx_word' id='word_1_166' title='bbox 1343 1694 1430 1740; x_wconf 83' lang='lat' dir='ltr'>ea,</span> <span class='ocrx_word' id='word_1_167' title='bbox 1480 1679 1546 1728; x_wconf 90' lang='lat' dir='ltr'>de</span> <span class='ocrx_word' id='word_1_168' title='bbox 1596 1679 1780 1744; x_wconf 76' lang='lat' dir='ltr'>quibus</span> 
     </span>
     <span class='ocr_line' id='line_1_22' title="bbox 71 1748 1778 1814; baseline 0.001 -14"><span class='ocrx_word' id='word_1_169' title='bbox 71 1751 227 1800; x_wconf 72' lang='lat' dir='ltr'>verba</span> <span class='ocrx_word' id='word_1_170' title='bbox 263 1748 493 1800; x_wconf 74' lang='lat' dir='ltr'>facturus</span> <span class='ocrx_word' id='word_1_171' title='bbox 530 1751 634 1811; x_wconf 73' lang='lat' dir='ltr'>sie,</span> <span class='ocrx_word' id='word_1_172' title='bbox 681 1749 838 1799; x_wconf 81' lang='lat' dir='ltr'>facile</span> <span class='ocrx_word' id='word_1_173' title='bbox 884 1751 1156 1814; x_wconf 76' lang='lat' dir='ltr'>praevideo</span> <span class='ocrx_word' id='word_1_174' title='bbox 1203 1752 1256 1800; x_wconf 90' lang='lat' dir='ltr'>id</span> <span class='ocrx_word' id='word_1_175' title='bbox 1301 1755 1355 1800; x_wconf 86' lang='lat' dir='ltr'>te</span> <span class='ocrx_word' id='word_1_176' title='bbox 1390 1750 1778 1801; x_wconf 83' lang='lat' dir='ltr'>affirmaturum.</span> 
     </span>
     <span class='ocr_line' id='line_1_23' title="bbox 74 1821 1782 1888; baseline 0 -15"><span class='ocrx_word' id='word_1_177' title='bbox 74 1822 237 1887; x_wconf 79' lang='lat' dir='ltr'>Atqui</span> <span class='ocrx_word' id='word_1_178' title='bbox 270 1836 369 1888; x_wconf 80' lang='lat' dir='ltr'>ego</span> <span class='ocrx_word' id='word_1_179' title='bbox 406 1821 472 1870; x_wconf 84' lang='lat' dir='ltr'>de</span> <span class='ocrx_word' id='word_1_180' title='bbox 505 1821 601 1870; x_wconf 85' lang='lat' dir='ltr'>hac</span> <span class='ocrx_word' id='word_1_181' title='bbox 638 1837 698 1872; x_wconf 90' lang='lat' dir='ltr'>re</span> <span class='ocrx_word' id='word_1_182' title='bbox 732 1837 833 1871; x_wconf 94' lang='lat' dir='ltr'>non</span> <span class='ocrx_word' id='word_1_183' title='bbox 869 1823 979 1872; x_wconf 90' lang='lat' dir='ltr'>sine</span> <span class='ocrx_word' id='word_1_184' title='bbox 1015 1839 1166 1872; x_wconf 86' lang='lat' dir='ltr'>causa</span> <span class='ocrx_word' id='word_1_185' title='bbox 1192 1823 1375 1872; x_wconf 85' lang='lat' dir='ltr'>idonea</span> <span class='ocrx_word' id='word_1_186' title='bbox 1398 1824 1631 1874; x_wconf 85' lang='lat' dir='ltr'>dubitare</span> <span class='ocrx_word' id='word_1_187' title='bbox 1656 1822 1782 1873; x_wconf 81' lang='lat' dir='ltr'>mihi</span> 
     </span>
     <span class='ocr_line' id='line_1_24' title="bbox 75 1888 1782 1957; baseline 0 -13"><span class='ocrx_word' id='word_1_188' title='bbox 75 1892 269 1944; x_wconf 75' lang='lat' dir='ltr'>videor.</span> <span class='ocrx_word' id='word_1_189' title='bbox 340 1888 483 1956; x_wconf 73' lang='lat' dir='ltr'>Quae</span> <span class='ocrx_word' id='word_1_190' title='bbox 518 1895 653 1944; x_wconf 92' lang='lat' dir='ltr'>enim</span> <span class='ocrx_word' id='word_1_191' title='bbox 689 1894 944 1956; x_wconf 84' lang='lat' dir='ltr'>novimus,</span> <span class='ocrx_word' id='word_1_192' title='bbox 997 1911 1058 1944; x_wconf 83' lang='lat' dir='ltr'>ea</span> <span class='ocrx_word' id='word_1_193' title='bbox 1103 1895 1186 1944; x_wconf 84' lang='lat' dir='ltr'>vel</span> <span class='ocrx_word' id='word_1_194' title='bbox 1233 1895 1294 1956; x_wconf 70' lang='lat' dir='ltr'>ab</span> <span class='ocrx_word' id='word_1_195' title='bbox 1343 1895 1455 1945; x_wconf 85' lang='lat' dir='ltr'>aliis</span> <span class='ocrx_word' id='word_1_196' title='bbox 1497 1895 1782 1957; x_wconf 83' lang='lat' dir='ltr'>didicimus,</span> 
     </span>
     <span class='ocr_line' id='line_1_25' title="bbox 75 1965 1785 2032; baseline 0.001 -17"><span class='ocrx_word' id='word_1_197' title='bbox 75 1965 160 2015; x_wconf 72' lang='lat' dir='ltr'>vel</span> <span class='ocrx_word' id='word_1_198' title='bbox 196 1965 294 2030; x_wconf 81' lang='lat' dir='ltr'>ipsi</span> <span class='ocrx_word' id='word_1_199' title='bbox 329 1965 720 2030; x_wconf 77' lang='lat' dir='ltr'>excogitavimus</span> <span class='ocrx_word' id='word_1_200' title='bbox 758 1971 814 2015; x_wconf 86' lang='lat' dir='ltr'>et</span> <span class='ocrx_word' id='word_1_201' title='bbox 848 1968 1153 2031; x_wconf 73' lang='lat' dir='ltr'>reperimnS.</span> <span class='ocrx_word' id='word_1_202' title='bbox 1226 1966 1329 2017; x_wconf 87' lang='lat' dir='ltr'>Iam</span> <span class='ocrx_word' id='word_1_203' title='bbox 1363 1983 1487 2018; x_wconf 79' lang='lat' dir='ltr'>vero</span> <span class='ocrx_word' id='word_1_204' title='bbox 1524 1983 1653 2032; x_wconf 86' lang='lat' dir='ltr'>quae</span> <span class='ocrx_word' id='word_1_205' title='bbox 1687 1967 1785 2018; x_wconf 86' lang='lat' dir='ltr'>tibi</span> 
     </span>
    </p>
   </div>
   <div class='ocr_carea' id='block_1_3' title="bbox 77 2036 1942 2104">
    <p class='ocr_par' dir='ltr' id='par_1_4' title="bbox 77 2036 1942 2104">
     <span class='ocr_line' id='line_1_26' title="bbox 77 2036 1942 2104; baseline 0.002 -18"><span class='ocrx_word' id='word_1_206' title='bbox 77 2036 267 2087; x_wconf 82' lang='lat' dir='ltr'>dudum</span> <span class='ocrx_word' id='word_1_207' title='bbox 308 2037 443 2086; x_wconf 84' lang='lat' dir='ltr'>scire</span> <span class='ocrx_word' id='word_1_208' title='bbox 479 2043 534 2086; x_wconf 85' lang='lat' dir='ltr'>et</span> <span class='ocrx_word' id='word_1_209' title='bbox 566 2038 865 2104; x_wconf 79' lang='lat' dir='ltr'>cognovisse</span> <span class='ocrx_word' id='word_1_210' title='bbox 899 2039 1038 2088; x_wconf 64' lang='lat' dir='ltr'>visus</span> <span class='ocrx_word' id='word_1_211' title='bbox 1076 2054 1165 2103; x_wconf 65' lang='lat' dir='ltr'>gs,</span> <span class='ocrx_word' id='word_1_212' title='bbox 1203 2054 1265 2087; x_wconf 87' lang='lat' dir='ltr'>ea</span> <span class='ocrx_word' id='word_1_213' title='bbox 1300 2046 1445 2089; x_wconf 89' lang='lat' dir='ltr'>certe</span> <span class='ocrx_word' id='word_1_214' title='bbox 1480 2039 1682 2089; x_wconf 85' lang='lat' dir='ltr'>discere</span> <span class='ocrx_word' id='word_1_215' title='bbox 1717 2039 1782 2089; x_wconf 88' lang='lat' dir='ltr'>ab</span> <span class='ocrx_word' id='word_1_216' title='bbox 1861 2085 1866 2094; x_wconf 64' lang='lat'><em>„</em></span> <span class='ocrx_word' id='word_1_217' title='bbox 1932 2049 1942 2062; x_wconf 77' lang='lat'>⁶</span> 
     </span>
    </p>
   </div>
   <div class='ocr_carea' id='block_1_4' title="bbox 32 2108 1789 2894">
    <p class='ocr_par' dir='ltr' id='par_1_5' title="bbox 32 2108 1789 2894">
     <span class='ocr_line' id='line_1_27' title="bbox 76 2108 1780 2174; baseline 0.002 -16"><span class='ocrx_word' id='word_1_218' title='bbox 76 2108 192 2158; x_wconf 79' lang='lat' dir='ltr'>aliis</span> <span class='ocrx_word' id='word_1_219' title='bbox 238 2113 326 2157; x_wconf 80' lang='lat' dir='ltr'>aut</span> <span class='ocrx_word' id='word_1_220' title='bbox 380 2110 648 2171; x_wconf 81' lang='lat' dir='ltr'>exquirere</span> <span class='ocrx_word' id='word_1_221' title='bbox 701 2125 1131 2174; x_wconf 80' lang='lat' dir='ltr'>supervacaneum</span> <span class='ocrx_word' id='word_1_222' title='bbox 1189 2110 1487 2161; x_wconf 84' lang='lat' dir='ltr'>iudicavisti.</span> <span class='ocrx_word' id='word_1_223' title='bbox 1572 2111 1780 2162; x_wconf 82' lang='lat' dir='ltr'>Nullum</span> 
     </span>
     <span class='ocr_line' id='line_1_28' title="bbox 81 2179 1787 2247; baseline 0.001 -16"><span class='ocrx_word' id='word_1_224' title='bbox 81 2185 256 2231; x_wconf 74' lang='lat' dir='ltr'>autem</span> <span class='ocrx_word' id='word_1_225' title='bbox 292 2184 496 2245; x_wconf 77' lang='lat' dir='ltr'>tempus</span> <span class='ocrx_word' id='word_1_226' title='bbox 532 2179 665 2240; x_wconf 79' lang='lat' dir='ltr'>fuit,</span> <span class='ocrx_word' id='word_1_227' title='bbox 700 2196 800 2243; x_wconf 90' lang='lat' dir='ltr'>quo</span> <span class='ocrx_word' id='word_1_228' title='bbox 837 2197 926 2240; x_wconf 87' lang='lat' dir='ltr'>ea,</span> <span class='ocrx_word' id='word_1_229' title='bbox 978 2198 1105 2246; x_wconf 86' lang='lat' dir='ltr'>quae</span> <span class='ocrx_word' id='word_1_230' title='bbox 1140 2181 1200 2231; x_wconf 86' lang='lat' dir='ltr'>ad</span> <span class='ocrx_word' id='word_1_231' title='bbox 1238 2182 1610 2247; x_wconf 84' lang='lat' dir='ltr'>gubernandam</span> <span class='ocrx_word' id='word_1_232' title='bbox 1647 2199 1787 2232; x_wconf 88' lang='lat' dir='ltr'>rem—</span> 
     </span>
     <span class='ocr_line' id='line_1_29' title="bbox 77 2251 1785 2320; baseline 0.002 -19"><span class='ocrx_word' id='word_1_233' title='bbox 77 2251 334 2319; x_wconf 76' lang='lat' dir='ltr'>publicam</span> <span class='ocrx_word' id='word_1_234' title='bbox 369 2252 657 2302; x_wconf 81' lang='lat' dir='ltr'>necessaria</span> <span class='ocrx_word' id='word_1_235' title='bbox 694 2257 843 2314; x_wconf 84' lang='lat' dir='ltr'>sunt,</span> <span class='ocrx_word' id='word_1_236' title='bbox 890 2253 1143 2305; x_wconf 80' lang='lat' dir='ltr'>didiceris,</span> <span class='ocrx_word' id='word_1_237' title='bbox 1218 2254 1345 2304; x_wconf 83' lang='lat' dir='ltr'>Nam</span> <span class='ocrx_word' id='word_1_238' title='bbox 1399 2271 1528 2320; x_wconf 84' lang='lat' dir='ltr'>quae</span> <span class='ocrx_word' id='word_1_239' title='bbox 1575 2257 1625 2306; x_wconf 92' lang='lat' dir='ltr'>in</span> <span class='ocrx_word' id='word_1_240' title='bbox 1663 2254 1785 2305; x_wconf 92' lang='lat' dir='ltr'>ludo</span> 
     </span>
     <span class='ocr_line' id='line_1_30' title="bbox 78 2322 1788 2391; baseline 0.002 -18"><span class='ocrx_word' id='word_1_241' title='bbox 78 2338 356 2391; x_wconf 85' lang='lat' dir='ltr'>puerorum</span> <span class='ocrx_word' id='word_1_242' title='bbox 401 2322 658 2385; x_wconf 82' lang='lat' dir='ltr'>didicisti,</span> <span class='ocrx_word' id='word_1_243' title='bbox 717 2323 783 2373; x_wconf 92' lang='lat' dir='ltr'>de</span> <span class='ocrx_word' id='word_1_244' title='bbox 838 2324 900 2374; x_wconf 84' lang='lat' dir='ltr'>iis</span> <span class='ocrx_word' id='word_1_245' title='bbox 952 2326 1298 2375; x_wconf 81' lang='lat' dir='ltr'>Athenienses</span> <span class='ocrx_word' id='word_1_246' title='bbox 1345 2327 1638 2377; x_wconf 79' lang='lat' dir='ltr'>consultare</span> <span class='ocrx_word' id='word_1_247' title='bbox 1686 2334 1788 2378; x_wconf 84' lang='lat' dir='ltr'>non</span> 
     </span>
     <span class='ocr_line' id='line_1_31' title="bbox 82 2392 1786 2461; baseline 0.001 -14"><span class='ocrx_word' id='word_1_248' title='bbox 82 2394 273 2448; x_wconf 74' lang='lat' dir='ltr'>nolent.</span> <span class='ocrx_word' id='word_1_249' title='bbox 343 2392 540 2459; x_wconf 77' lang='lat' dir='ltr'>Quodsi</span> <span class='ocrx_word' id='word_1_250' title='bbox 575 2401 745 2446; x_wconf 84' lang='lat' dir='ltr'>autem</span> <span class='ocrx_word' id='word_1_251' title='bbox 794 2395 859 2445; x_wconf 91' lang='lat' dir='ltr'>de</span> <span class='ocrx_word' id='word_1_252' title='bbox 895 2396 1008 2447; x_wconf 85' lang='lat' dir='ltr'>aliis</span> <span class='ocrx_word' id='word_1_253' title='bbox 1044 2399 1199 2447; x_wconf 86' lang='lat' dir='ltr'>rebus</span> <span class='ocrx_word' id='word_1_254' title='bbox 1237 2398 1551 2461; x_wconf 86' lang='lat' dir='ltr'>deliberant,</span> <span class='ocrx_word' id='word_1_255' title='bbox 1601 2400 1786 2450; x_wconf 83' lang='lat' dir='ltr'>artium</span> 
     </span>
     <span class='ocr_line' id='line_1_32' title="bbox 79 2467 1786 2536; baseline 0.002 -18"><span class='ocrx_word' id='word_1_256' title='bbox 79 2468 283 2535; x_wconf 75' lang='lat' dir='ltr'>peritos</span> <span class='ocrx_word' id='word_1_257' title='bbox 328 2467 381 2517; x_wconf 78' lang='lat' dir='ltr'>ln</span> <span class='ocrx_word' id='word_1_258' title='bbox 428 2467 693 2518; x_wconf 76' lang='lat' dir='ltr'>consilium</span> <span class='ocrx_word' id='word_1_259' title='bbox 739 2467 984 2519; x_wconf 85' lang='lat' dir='ltr'>adhibent</span> <span class='ocrx_word' id='word_1_260' title='bbox 1039 2470 1177 2519; x_wconf 88' lang='lat' dir='ltr'>nulla</span> <span class='ocrx_word' id='word_1_261' title='bbox 1218 2470 1393 2521; x_wconf 83' lang='lat' dir='ltr'>habita</span> <span class='ocrx_word' id='word_1_262' title='bbox 1434 2471 1786 2536; x_wconf 84' lang='lat' dir='ltr'>pulcritudinis</span> 
     </span>
     <span class='ocr_line' id='line_1_33' title="bbox 82 2538 1789 2611; baseline 0.003 -22"><span class='ocrx_word' id='word_1_263' title='bbox 82 2543 175 2590; x_wconf 79' lang='lat' dir='ltr'>aut</span> <span class='ocrx_word' id='word_1_264' title='bbox 210 2538 488 2589; x_wconf 75' lang='lat' dir='ltr'>nobilitatis</span> <span class='ocrx_word' id='word_1_265' title='bbox 534 2544 623 2589; x_wconf 86' lang='lat' dir='ltr'>aut</span> <span class='ocrx_word' id='word_1_266' title='bbox 658 2539 949 2605; x_wconf 86' lang='lat' dir='ltr'>opulentiae</span> <span class='ocrx_word' id='word_1_267' title='bbox 995 2543 1207 2592; x_wconf 87' lang='lat' dir='ltr'>ratione.</span> <span class='ocrx_word' id='word_1_268' title='bbox 1279 2543 1587 2607; x_wconf 78' lang='lat' dir='ltr'>Quibusnam</span> <span class='ocrx_word' id='word_1_269' title='bbox 1628 2545 1789 2611; x_wconf 82' lang='lat' dir='ltr'>igitur</span> 
     </span>
     <span class='ocr_line' id='line_1_34' title="bbox 82 2611 1789 2676; baseline 0.002 -14"><span class='ocrx_word' id='word_1_270' title='bbox 82 2612 138 2662; x_wconf 82' lang='lat' dir='ltr'>in</span> <span class='ocrx_word' id='word_1_271' title='bbox 170 2611 328 2662; x_wconf 69' lang='lat' dir='ltr'>rebus</span> <span class='ocrx_word' id='word_1_272' title='bbox 363 2625 455 2661; x_wconf 72' lang='lat' dir='ltr'>eon</span> <span class='ocrx_word' id='word_1_273' title='bbox 491 2611 689 2676; x_wconf 78' lang='lat' dir='ltr'>poteris</span> <span class='ocrx_word' id='word_1_274' title='bbox 725 2612 939 2663; x_wconf 86' lang='lat' dir='ltr'>consilio</span> <span class='ocrx_word' id='word_1_275' title='bbox 976 2618 1067 2663; x_wconf 91' lang='lat' dir='ltr'>tuo</span> <span class='ocrx_word' id='word_1_276' title='bbox 1103 2614 1377 2666; x_wconf 66' lang='lat' dir='ltr'>adiuvare‘!</span> <span class='ocrx_word' id='word_1_277' title='bbox 1447 2614 1696 2666; x_wconf 84' lang='lat' dir='ltr'>Nimirum</span> <span class='ocrx_word' id='word_1_278' title='bbox 1735 2617 1789 2666; x_wconf 90' lang='lat' dir='ltr'>iu</span> 
     </span>
     <span class='ocr_line' id='line_1_35' title="bbox 32 2682 1788 2753; baseline 0.002 -18"><span class='ocrx_word' id='word_1_279' title='bbox 32 2702 39 2715; x_wconf 68' lang='lat'><strong><em>‘</em></strong></span> <span class='ocrx_word' id='word_1_280' title='bbox 81 2683 307 2750; x_wconf 73' lang='lat' dir='ltr'>negotiis</span> <span class='ocrx_word' id='word_1_281' title='bbox 343 2682 589 2748; x_wconf 73' lang='lat' dir='ltr'>ipsorum,</span> <span class='ocrx_word' id='word_1_282' title='bbox 624 2689 683 2734; x_wconf 86' lang='lat' dir='ltr'>ut</span> <span class='ocrx_word' id='word_1_283' title='bbox 716 2684 810 2747; x_wconf 74' lang='lat' dir='ltr'>ain,</span> <span class='ocrx_word' id='word_1_284' title='bbox 845 2691 993 2735; x_wconf 87' lang='lat' dir='ltr'>recte</span> <span class='ocrx_word' id='word_1_285' title='bbox 1032 2686 1410 2753; x_wconf 88' lang='lat' dir='ltr'>prudenterque</span> <span class='ocrx_word' id='word_1_286' title='bbox 1431 2687 1788 2738; x_wconf 84' lang='lat' dir='ltr'>administran-</span> 
     </span>
     <span class='ocr_line' id='line_1_36' title="bbox 83 2752 1788 2824; baseline 0.004 -21"><span class='ocrx_word' id='word_1_287' title='bbox 83 2754 197 2818; x_wconf 73' lang='lat' dir='ltr'>din,</span> <span class='ocrx_word' id='word_1_288' title='bbox 243 2769 397 2821; x_wconf 82' lang='lat' dir='ltr'>quum</span> <span class='ocrx_word' id='word_1_289' title='bbox 442 2752 512 2806; x_wconf 83' lang='lat' dir='ltr'>de</span> <span class='ocrx_word' id='word_1_290' title='bbox 550 2754 691 2805; x_wconf 90' lang='lat' dir='ltr'>bello</span> <span class='ocrx_word' id='word_1_291' title='bbox 737 2761 792 2806; x_wconf 91' lang='lat' dir='ltr'>et</span> <span class='ocrx_word' id='word_1_292' title='bbox 831 2772 960 2823; x_wconf 86' lang='lat' dir='ltr'>pace</span> <span class='ocrx_word' id='word_1_293' title='bbox 995 2757 1208 2824; x_wconf 79' lang='lat' dir='ltr'>aliisque</span> <span class='ocrx_word' id='word_1_294' title='bbox 1242 2760 1395 2809; x_wconf 84' lang='lat' dir='ltr'>rebus</span> <span class='ocrx_word' id='word_1_295' title='bbox 1432 2759 1495 2809; x_wconf 82' lang='lat' dir='ltr'>ad</span> <span class='ocrx_word' id='word_1_296' title='bbox 1532 2761 1788 2810; x_wconf 85' lang='lat' dir='ltr'>civitatem</span> 
     </span>
     <span class='ocr_line' id='line_1_37' title="bbox 82 2827 1788 2894; baseline 0.002 -16"><span class='ocrx_word' id='word_1_297' title='bbox 82 2827 464 2894; x_wconf 70' lang='lat' dir='ltr'>pertinentibus</span> <span class='ocrx_word' id='word_1_298' title='bbox 508 2827 813 2883; x_wconf 72' lang='lat' dir='ltr'>consultant·</span> <span class='ocrx_word' id='word_1_299' title='bbox 885 2828 956 2879; x_wconf 86' lang='lat' dir='ltr'>At</span> <span class='ocrx_word' id='word_1_300' title='bbox 991 2844 1115 2879; x_wconf 81' lang='lat' dir='ltr'>vero</span> <span class='ocrx_word' id='word_1_301' title='bbox 1182 2830 1245 2879; x_wconf 88' lang='lat' dir='ltr'>ad</span> <span class='ocrx_word' id='word_1_302' title='bbox 1292 2831 1421 2881; x_wconf 87' lang='lat' dir='ltr'>haec</span> <span class='ocrx_word' id='word_1_303' title='bbox 1474 2833 1639 2881; x_wconf 88' lang='lat' dir='ltr'>omnia</span> <span class='ocrx_word' id='word_1_304' title='bbox 1699 2846 1788 2881; x_wconf 89' lang='lat' dir='ltr'>co-</span> 
     </span>
    </p>
   </div>
   <div class='ocr_carea' id='block_1_5' title="bbox 82 2898 1789 2968">
    <p class='ocr_par' dir='ltr' id='par_1_6' title="bbox 82 2898 1789 2968">
     <span class='ocr_line' id='line_1_38' title="bbox 82 2898 1789 2968; baseline 0.004 -21"><span class='ocrx_word' id='word_1_305' title='bbox 82 2900 245 2966; x_wconf 69' lang='lat' dir='ltr'>gnitio</span> <span class='ocrx_word' id='word_1_306' title='bbox 281 2900 421 2958; x_wconf 72' lang='lat' dir='ltr'>eins,</span> <span class='ocrx_word' id='word_1_307' title='bbox 468 2898 604 2964; x_wconf 84' lang='lat' dir='ltr'>quod</span> <span class='ocrx_word' id='word_1_308' title='bbox 638 2898 821 2950; x_wconf 75' lang='lat' dir='ltr'>melius</span> <span class='ocrx_word' id='word_1_309' title='bbox 857 2907 968 2962; x_wconf 81' lang='lat' dir='ltr'>cst,</span> <span class='ocrx_word' id='word_1_310' title='bbox 1015 2902 1321 2967; x_wconf 83' lang='lat' dir='ltr'>requiritur,</span> <span class='ocrx_word' id='word_1_311' title='bbox 1365 2902 1789 2968; x_wconf 87' lang='lat' dir='ltr'>quemadmodum</span> 
     </span>
    </p>
   </div>
   <div class='ocr_carea' id='block_1_6' title="bbox 82 2969 1876 3041">
    <p class='ocr_par' dir='ltr' id='par_1_7' title="bbox 82 2969 1876 3041">
     <span class='ocr_line' id='line_1_39' title="bbox 82 2969 1876 3041; baseline 0.002 -18"><span class='ocrx_word' id='word_1_312' title='bbox 82 2969 151 3023; x_wconf 72' lang='lat' dir='ltr'>ad</span> <span class='ocrx_word' id='word_1_313' title='bbox 184 2970 478 3022; x_wconf 75' lang='lat' dir='ltr'>luctandum</span> <span class='ocrx_word' id='word_1_314' title='bbox 522 2970 659 3022; x_wconf 73' lang='lat' dir='ltr'>acite</span> <span class='ocrx_word' id='word_1_315' title='bbox 706 2985 840 3039; x_wconf 72' lang='lat' dir='ltr'>opus</span> <span class='ocrx_word' id='word_1_316' title='bbox 888 2979 1003 3037; x_wconf 74' lang='lat' dir='ltr'>est,</span> <span class='ocrx_word' id='word_1_317' title='bbox 1058 2974 1356 3041; x_wconf 81' lang='lat' dir='ltr'>quibuscum</span> <span class='ocrx_word' id='word_1_318' title='bbox 1395 2981 1453 3026; x_wconf 90' lang='lat' dir='ltr'>et</span> <span class='ocrx_word' id='word_1_319' title='bbox 1487 2975 1684 3041; x_wconf 83' lang='lat' dir='ltr'>quando</span> <span class='ocrx_word' id='word_1_320' title='bbox 1733 2978 1818 3027; x_wconf 69' lang='lat' dir='ltr'>et*</span> <span class='ocrx_word' id='word_1_321' title='bbox 1873 3031 1876 3035; x_wconf 55' lang='grc'><strong><em>,</em></strong></span> 
     </span>
    </p>
   </div>
   <div class='ocr_carea' id='block_1_7' title="bbox 95 3138 431 3150">
    <p class='ocr_par' dir='ltr' id='par_1_8' title="bbox 95 3138 431 3150">
     <span class='ocr_line' id='line_1_40' title="bbox 95 3138 431 3150; baseline 0 516"><span class='ocrx_word' id='word_1_322' title='bbox 95 3138 431 3150; x_wconf 95' lang='lat' dir='ltr'> </span> 
     </span>
    </p>
   </div>
   <div class='ocr_carea' id='block_1_8' title="bbox 141 3205 1092 3308">
    <p class='ocr_par' dir='ltr' id='par_1_9' title="bbox 141 3205 1092 3308">
     <span class='ocr_line' id='line_1_41' title="bbox 141 3205 1092 3308; baseline 0.007 -14"><span class='ocrx_word' id='word_1_323' title='bbox 141 3250 201 3308; x_wconf 78' lang='lat'>0)</span> <span class='ocrx_word' id='word_1_324' title='bbox 259 3253 308 3295; x_wconf 79' lang='lat' dir='ltr'>r.</span> <span class='ocrx_word' id='word_1_325' title='bbox 340 3254 602 3299; x_wconf 74' lang='lat' dir='ltr'>ioa-ms.</span> <span class='ocrx_word' id='word_1_326' title='bbox 630 3255 685 3300; x_wconf 71' lang='grc' dir='ltr'>κ.</span> <span class='ocrx_word' id='word_1_327' title='bbox 1063 3205 1092 3240; x_wconf 48' lang='lat'>⁸</span> 
     </span>
    </p>
   </div>
   <div class='ocr_carea' id='block_1_9' title="bbox 111 3333 1792 3397">
    <p class='ocr_par' dir='ltr' id='par_1_10' title="bbox 111 3333 1792 3397">
     <span class='ocr_line' id='line_1_42' title="bbox 111 3333 1792 3397; baseline 0.004 -17"><span class='ocrx_word' id='word_1_328' title='bbox 111 3333 202 3395; x_wconf 55' lang='grc'>*0)</span> <span class='ocrx_word' id='word_1_329' title='bbox 257 3340 397 3381; x_wconf 76' lang='lat' dir='ltr'>Nemo</span> <span class='ocrx_word' id='word_1_330' title='bbox 427 3340 544 3381; x_wconf 76' lang='lat' dir='ltr'>enim</span> <span class='ocrx_word' id='word_1_331' title='bbox 579 3342 760 3385; x_wconf 70' lang='lat' dir='ltr'>Athenin</span> <span class='ocrx_word' id='word_1_332' title='bbox 790 3342 950 3385; x_wconf 75' lang='lat' dir='ltr'>aetati·</span> <span class='ocrx_word' id='word_1_333' title='bbox 990 3355 1147 3397; x_wconf 73' lang='lat' dir='ltr'>uun,</span> <span class='ocrx_word' id='word_1_334' title='bbox 1183 3344 1285 3385; x_wconf 84' lang='lat' dir='ltr'>dnm</span> <span class='ocrx_word' id='word_1_335' title='bbox 1328 3355 1388 3387; x_wconf 81' lang='lat' dir='ltr'>ex</span> <span class='ocrx_word' id='word_1_336' title='bbox 1417 3343 1596 3397; x_wconf 69' lang='lat' dir='ltr'>ephebi·</span> <span class='ocrx_word' id='word_1_337' title='bbox 1635 3355 1792 3387; x_wconf 71' lang='lat' dir='ltr'>exce·-</span> 
     </span>
    </p>
   </div>
   <div class='ocr_carea' id='block_1_10' title="bbox 251 3397 1791 3513">
    <p class='ocr_par' dir='ltr' id='par_1_11' title="bbox 251 3397 1791 3513">
     <span class='ocr_line' id='line_1_43' title="bbox 251 3397 1791 3454; baseline 0.005 -17"><span class='ocrx_word' id='word_1_338' title='bbox 251 3397 406 3451; x_wconf 71' lang='lat' dir='ltr'>uin-et,</span> <span class='ocrx_word' id='word_1_339' title='bbox 447 3398 697 3449; x_wconf 73' lang='lat' dir='ltr'>prohibitu·</span> <span class='ocrx_word' id='word_1_340' title='bbox 735 3403 822 3452; x_wconf 73' lang='lat' dir='ltr'>ent,</span> <span class='ocrx_word' id='word_1_341' title='bbox 864 3402 1094 3453; x_wconf 68' lang='lat' dir='ltr'>quominus</span> <span class='ocrx_word' id='word_1_342' title='bbox 1127 3403 1300 3454; x_wconf 74' lang='lat' dir='ltr'>publice</span> <span class='ocrx_word' id='word_1_343' title='bbox 1336 3406 1472 3446; x_wconf 69' lang='lat' dir='ltr'>verba</span> <span class='ocrx_word' id='word_1_344' title='bbox 1513 3403 1692 3446; x_wconf 69' lang='lat' dir='ltr'>taceret.</span> <span class='ocrx_word' id='word_1_345' title='bbox 1747 3412 1791 3445; x_wconf 67' lang='lat' dir='ltr'>vo</span> 
     </span>
     <span class='ocr_line' id='line_1_44' title="bbox 254 3454 1190 3513; baseline 0.009 -17"><span class='ocrx_word' id='word_1_346' title='bbox 254 3454 588 3502; x_wconf 68' lang='grc' dir='ltr'>δοὶόαιιιιιι.</span> <span class='ocrx_word' id='word_1_347' title='bbox 645 3458 714 3501; x_wconf 75' lang='lat' dir='ltr'>De</span> <span class='ocrx_word' id='word_1_348' title='bbox 742 3459 899 3503; x_wconf 71' lang='lat' dir='ltr'>comit.</span> <span class='ocrx_word' id='word_1_349' title='bbox 930 3472 975 3513; x_wconf 78' lang='lat' dir='ltr'>p.</span> <span class='ocrx_word' id='word_1_350' title='bbox 1008 3462 1091 3504; x_wconf 71' lang='grc'>105</span> <span class='ocrx_word' id='word_1_351' title='bbox 1124 3473 1190 3513; x_wconf 71' lang='lat' dir='ltr'>sq.</span> 
     </span>
    </p>
   </div>
  </div>
 </body>
</html>
