2106 3678
295 167 369 219 82
687 211 693 217 ,
941 162 1365 215 PLATONIS

298 314 438 360 tutes
488 312 720 372 tanquam
768 312 944 372 partes
996 306 1106 354 eius
1157 294 1432 387 contineri3
1478 307 1536 352 ut
1582 302 1860 354 mirandum
1898 319 1998 354 non

297 383 366 432 sit
400 382 576 429 harum
603 381 802 428 nomina
839 375 1051 428 subinde
1089 393 1203 424 cum
1239 378 1352 440 ipsa
1390 369 1727 445 σωφροσύνῃ
1765 380 1998 447 tanquam

296 454 531 501 universo
579 467 790 534 genere
818 449 1046 530 copulari
1083 451 1137 495 et
1173 447 1469 511 permutari.
1545 434 1807 508 Quorsum
1837 449 1997 512 perti-

299 528 388 572 net
434 518 467 585 ἡ
512 516 860 586 αὶὸηαοσύνη
911 526 963 568 et
1004 538 1038 581 η
1091 512 1422 583 κοσμιότηςε
1479 517 1611 566 unde
1647 517 1906 567 Phaedon.
1946 535 1999 583 p.

298 595 389 644 83.
441 594 502 677 Ε
552 594 757 657 Protag.
807 609 857 656 p
904 590 1025 640 322.
1076 589 1133 638 C.
1187 589 1248 637 D.
1301 588 1460 652 Gorg.
1510 604 1562 653 p.
1612 589 1735 639 506.
1785 588 1846 672 Ε.
1887 605 1997 654 sqq.

302 667 359 718 οἱ
407 659 636 730 κόσμιοι
687 664 779 714 καὶ
834 656 1122 733 σώφρονες
1173 665 1545 718 memolantur3
1583 675 1739 723 porro
1776 678 1811 722 η
1850 657 1999 710 εὐτα-

301 735 421 801 ξία,
462 741 515 784 et
550 733 584 799 ἡ
626 728 942 802 ὲγκοατεια,
983 749 1079 796 qua
1114 748 1212 779 una
1251 732 1462 778 maxime
1499 733 1867 792 temperantiae
1901 733 2002 782 vim

299 808 579 927 patelieri5
584 808 857 872 putabant,
905 804 957 852 id
1006 803 1139 866 quod
1186 819 1216 850 e
1259 800 1551 865 Xenoph.
1597 800 1756 850 Mem
1813 801 1896 851 111.
1948 804 2003 864 9,

300 881 350 930 4.
410 879 498 930 IV
643 878 811 929 Plat.
855 876 1016 940 Legg
1070 891 1121 939 p.
1157 874 1281 923 710.
1332 874 1395 925 A.
1432 871 1690 921 Phaedon.
1728 890 1779 938 p.
1817 874 1904 926 69
1943 873 2003 928 C.

298 950 628 1015 intelligitur3
666 950 884 1013 denique
921 947 1132 995 scientia
1169 947 1278 994 sive
1313 940 1348 1007 ἡ
1376 939 1671 1016 φρόνησις,
1711 960 1840 1008 quae
1877 960 2003 1009 quo-

299 1023 433 1072 niam
485 1025 566 1070 est
603 1020 972 1085 temperantiae
1018 1017 1176 1065 veluti
1213 1020 1378 1065 mater
1414 1020 1566 1080 atque
1604 1031 1820 1079 parens,
1867 1016 2005 1065 haud

296 1108 415 1142 raro
451 1107 546 1156 pro
585 1088 921 1161 σωφροσύνῃ
976 1093 1321 1148 memoratur,
1372 1103 1503 1157 quae
1551 1092 1632 1135 est
1669 1088 1915 1151 sapientia
1951 1089 2003 1139 iu

299 1162 619 1213 moderandis
641 1162 908 1226 affectibus
940 1165 993 1208 et
1008 1159 1368 1223 cupiditatibus
1383 1159 1670 1222 conspicua.
1689 1160 2001 1222 Quanquam

302 1228 580 1306 φρόνησις
618 1224 769 1282 etiam
788 1233 972 1281 latiore
994 1231 1364 1296 significatione
1393 1246 1423 1278 a
1446 1229 1721 1279 Socraticis
1747 1230 1883 1279 dicta
1905 1235 2003 1284 est.

444 1328 533 1381 Et*
559 1332 687 1382 haec
746 1331 947 1397 quidem
1011 1334 1071 1378 ut
1122 1329 1401 1393 diligenter
1442 1333 1729 1390 teneamus,
1789 1330 2004 1378 maxime

301 1405 646 1455 necessarium
697 1410 778 1453 est
823 1403 886 1451 ad
930 1401 1315 1485 intelligendum
1364 1401 1852 1466 percipiendumque
1890 1402 2001 1450 eius

300 1475 422 1526 libri
471 1476 849 1550 argumentum,
900 1474 984 1539 qui
1035 1473 1321 1522 Charmidis
1354 1473 1630 1551 inscriptus
1670 1476 1752 1521 est
1787 1474 2006 1534 nomine,

303 1548 356 1598 in
408 1564 505 1612 quo
554 1548 684 1596 libro
731 1548 803 1595 ita
854 1545 917 1594 de
966 1545 1014 1592 vi
1062 1549 1116 1593 et
1161 1550 1339 1593 natura
1386 1562 1486 1607 της
1521 1538 1891 1613 σωφροσύνης
1927 1544 2005 1593 di-

303 1624 592 1684 sceptatui,
641 1624 700 1667 ut
753 1619 917 1666 onmia
966 1631 996 1664 e
1044 1616 1241 1664 ratione
1294 1615 1554 1663 Socratica
1589 1615 1849 1664 iudicanda
1886 1617 2006 1669 sint.

303 1691 595 1755 Quanquam
631 1706 731 1738 non
764 1689 816 1737 id
852 1690 903 1737 in
940 1703 1002 1735 eo
1041 1688 1222 1752 agitur,
1260 1692 1316 1735 ut
1338 1686 1564 1735 Socratis
1592 1688 1845 1735 sententia
1881 1703 2004 1752 pro-

303 1767 551 1828 ponatur,
594 1761 685 1810 sed
734 1776 796 1808 eo
849 1759 1168 1824 potissimum
1206 1763 1408 1822 spectat
1445 1758 1753 1822 disputatio,
1802 1762 1859 1806 ut
1894 1759 2003 1806 vul-

302 1850 454 1898 gares
492 1834 749 1901 hominum
800 1831 863 1879 de
914 1831 1251 1895 temperantia
1293 1831 1557 1894 opiniones
1594 1830 1911 1894 exagitentur
1949 1833 2004 1879 et

303 1909 654 1970 coarguantur.
725 1900 954 1952 Docetur
992 1903 1124 1951 enim
1161 1901 1395 1950 homines
1430 1901 1580 1966 vulgo
1616 1902 1686 1950 in
1718 1900 2006 1950 definienda

302 1975 453 2026 huius
505 1976 706 2024 virtutis
755 1979 930 2024 natura
986 1989 1159 2022 errare
1208 1988 1302 2034 eo,
1338 1971 1473 2037 quod
1507 1972 1598 2020 vel*
1627 1972 1849 2037 singulas
1891 1973 2002 2023 eius

303 2053 480 2115 partes
529 2052 583 2096 et
642 2047 834 2095 formas
883 2061 1070 2110 easque
1126 2060 1193 2094 ne
1234 2048 1381 2093 recte
1441 2044 1643 2109 quidem
1703 2044 2001 2095 informatas

302 2135 400 2185 pro
436 2120 670 2168 universo
709 2134 898 2184 genere
936 2117 1334 2182 amplectantur,
1371 2115 1453 2178 vel
1487 2116 1749 2164 scientiam
1786 2116 1851 2163 ad
1888 2132 2001 2167 eam

301 2193 642 2241 necessariam
678 2206 951 2255 perperam
982 2189 1213 2238 referant
1249 2187 1310 2235 ad
1347 2203 1517 2235 rerum
1538 2187 1878 2251 cognitionem
1907 2187 2000 2236 do-

303 2265 599 2327 ctrinaeque
631 2262 850 2327 copiam,
887 2277 1054 2325 neque
1078 2260 1142 2308 de
1169 2259 1374 2308 honesti
1396 2259 1702 2307 conscientia
1740 2258 2002 2322 officiique

302 2336 637 2418 persuasione
702 2334 926 2398 cogitare
968 2327 1181 2380 soleant.
1265 2332 1555 2394 Quanquam
1614 2345 1675 2377 ex
1731 2329 1812 2379 his
1867 2331 1996 2395 ipsis

304 2407 551 2470 suspicari
599 2406 757 2466 licet,
809 2404 1008 2469 qualem
1056 2403 1278 2467 scriptor
1325 2402 1540 2466 cogitari
1582 2401 1801 2450 voluerit
1842 2418 1996 2452 verae

300 2478 671 2542 temperantiae
708 2477 982 2526 notionem.
1054 2474 1202 2539 Quod
1240 2473 1440 2539 quidem
1477 2472 1757 2554 clarissime
1790 2474 1842 2521 in
1877 2474 1995 2538 ipso

302 2550 552 2597 sermonis
602 2548 852 2614 principio
898 2547 1225 2611 significatur.
1297 2545 1444 2608 Quod
1482 2526 1613 2593 enim
1651 2543 1890 2594 Socrates
1924 2546 1998 2595 ibi

301 2620 644 2681 Charmidem,
681 2619 1055 2668 adolescentem
1076 2617 1516 2676 formosissimum,
1553 2616 1836 2664 liberaliter
1871 2617 1996 2666 edu-

301 2697 470 2741 catum
507 2696 560 2740 et
595 2691 1040 2750 modestissimum,
1078 2691 1254 2739 censet
1289 2687 1542 2752 explorari
1577 2692 1837 2751 oportere,
1875 2704 1993 2738 num

302 2765 453 2813 etiam
489 2765 623 2812 intus
660 2764 728 2811 sit
761 2763 906 2822 talis,
944 2762 1103 2826 qualis
1139 2761 1313 2826 specie
1352 2764 1558 2807 externa
1594 2774 1712 2807 esse
1745 2759 1993 2822 videatur,

301 2850 515 2898 eamque
555 2835 793 2882 virtutem
839 2826 1209 2902 σωφροσύνης
1255 2832 1458 2880 nomine
1521 2830 1775 2894 appellat,
1835 2830 1992 2880 facile
2067 2842 2070 2846 '

300 2910 479 2971 potest
521 2906 795 2955 existimari
839 2920 956 2953 eum
1000 2905 1157 2953 talem
1205 2903 1491 2966 intelligere
1540 2902 1804 2962 virtutem,
1862 2918 1992 2968 quae

294 2979 351 3028 :in
396 2977 485 3026 illa
530 2977 680 3027 animi
727 2977 942 3026 sanitate
987 2980 1250 3037 cernatur,
1298 2974 1495 3040 qualem
1542 2977 1688 3022 antea
1723 2972 1989 3023 adumbra-

297 3063 607 3185 Vlmu-thue
641 3118 722 3167 his
757 3118 830 3168 ita
865 3121 1110 3184 expositis
1147 3103 1394 3166 accedere
1428 3117 1552 3166 licet
1585 3116 1648 3165 ad
1679 3117 1843 3181 ipsam
1880 3115 1988 3166 dia-

294 3190 402 3257 logi
451 3192 844 3251 enarrationem,
902 3207 997 3255 qua
1044 3190 1274 3239 absoluta
1318 3189 1468 3238 etiam
1519 3188 1644 3237 illud
1702 3189 1985 3251 apparebit,

296 3277 397 3326 quo
430 3263 542 3312 iure
573 3262 723 3311 huius
759 3262 877 3311 libri
913 3262 1042 3311 fides
1077 3266 1130 3310 et
1166 3262 1439 3310 auctoritas
1474 3276 1640 3325 nuper
1685 3259 1747 3309 ab
1781 3259 1982 3310 Astio

294 3339 350 3385 et
384 3332 507 3385 Soc
524 3335 687 3383 hero
721 3334 774 3382 in
810 3333 1172 3383 dubitationem
1205 3331 1418 3381 adducta
1455 3332 1538 3383 sit.

404 3403 670 3473 'Dialogus
719 3409 802 3455 est
845 3396 1259 3473 ὃιηγηματικός.
1342 3403 1530 3454 Narrat
1562 3399 1697 3454 enim
1735 3399 1978 3454 Socrates

2099 3294 2106 3395 i

2098 3411 2106 3440 24
