2066 3666
241 154 318 208 24
886 146 1303 204 PLATONIS

251 291 615 360 sophische
648 290 1064 345 Geschichte
1099 289 1218 340 der
1253 290 1545 356 Sprache
1580 290 1932 347 u.Schrift.

248 366 427 416 Mein
443 381 486 414 z.
525 360 679 419 1791.
714 364 767 418 8.
836 365 1080 416 Nimirum
1119 362 1173 411 hi
1208 361 1405 412 demum
1429 363 1790 412 intellexerunt
1825 366 1934 429 pri-

252 454 333 488 ma
360 437 571 485 maxime
590 435 868 502 linguarum
892 436 1034 484 initia
1059 433 1121 481 ad
1156 435 1484 484 imitationem
1519 438 1727 483 naturae
1765 435 1935 484 solere

252 507 626 572 accommodata
673 523 820 567 esse3
872 507 1130 556 notionum
1185 511 1355 556 autem
1397 506 1759 554 abstrusior-um
1798 506 1939 570 signa.

254 581 412 644 magis
461 594 591 629 esse.
625 579 822 629 diversa
871 583 925 626 et
970 577 1262 635 arbitraria,
1301 577 1537 640 ‚quoniam
1572 592 1664 625 eae
1699 592 1813 625 cum
1848 592 1941 625 re-

256 668 367 702 rum
416 657 733 700 externarum
781 653 956 700 natura
1006 648 1139 695 varia
1187 648 1385 696 ratione
1423 648 1714 712 comparari
1741 652 1942 711 queant.

259 722 472 772 Omnino
524 725 694 775 autem
740 722 887 770 Plato
922 719 1185 771 verissime
1220 718 1456 767 iudicavit
1490 734 1586 783 per
1619 719 1819 783 linguae
1855 735 1942 767 ra-

259 795 426 844 tiones
463 793 614 843 sicuti
649 799 744 858 pe'r
781 793 903 841 artis
939 805 1098 854 opera
1133 805 1253 839 usus
1288 795 1398 839 tum
1439 790 1799 840 necessitatem
1835 794 1946 840 tum

258 866 549 915 libertatem
600 863 858 914 dominari.
951 862 1200 924 Quocirca
1243 866 1404 910 totam
1451 861 1580 911 hanc
1633 877 1833 910 causam
1883 876 1948 910 eo

257 952 420 1001 usque
463 934 812 1001 profligavisse
861 931 1217 983 existimandus
1253 937 1360 994 est,
1409 937 1467 981 ut
1500 934 1725 997 posteris
1763 932 1951 982 seculis

258 1007 385 1058 nihil
428 1006 576 1069 fere,
612 1005 744 1077 quod
805 1004 1047 1075 gravioris
1095 1005 1336 1058 momenti
1379 1010 1548 1068 effsset
1599 1004 1951 1055 excutiendum

260 1071 541 1144 leliquerit.

399 1177 737 1232 Nihilominus
757 1180 925 1226 autem
948 1175 1049 1226 hoc
1073 1180 1431 1242 sargumentum
1457 1191 1554 1229 non
1592 1176 1646 1226 id
1682 1181 1780 1238 est,
1818 1175 1955 1242 quod
2035 1194 2066 1218 ω

260 1249 597 1316 philosophus
657 1254 877 1314 praeter,
921 1255 1195 1315 perversae
1267 1246 1618 1313 etymologiae
1667 1248 1956 1301 irrisionem

262 1322 542 1388 praecipuo
593 1320 759 1371 studio
810 1320 911 1369 hoc
961 1322 1012 1370 in
1062 1320 1194 1369 libro
1229 1320 1538 1372 tractaverit.
1609 1318 1737 1369 Nam
1776 1334 1872 1384 ego
1910 1320 1957 1369 si

263 1393 384 1462 quid
429 1392 605 1453 video,
651 1391 779 1441 illud
828 1393 999 1457 potius
1049 1392 1163 1459 egit
1205 1406 1352 1456 quam
1397 1391 1637 1452 maxime,
1688 1395 1745 1445 ut
1781 1407 1956 1443 rerum

263 1465 605 1535 cognitionem
642 1479 744 1521 non
787 1478 847 1512 ex
890 1463 1082 1513 umbris
1125 1462 1513 1524 vocabulorum,
1576 1461 1668 1511 sed
1728 1477 1791 1512 ex
1843 1464 1958 1528 ipsa

267 1552 440 1586 earum
475 1537 524 1584 vi
562 1545 614 1590 et
647 1542 823 1584 natura
859 1534 1181 1587 hauriendam
1220 1549 1338 1587 esse
1373 1533 1599 1585 doceret.
1672 1533 1730 1584 In
1767 1550 1864 1597 qua
1898 1550 1958 1582 re

265 1608 423 1657 'veluti
460 1623 650 1655 summa
687 1608 843 1655 totius
883 1607 1056 1672 operis
1093 1605 1394 1656 continetur
1475 1604 1677 1654 Etenim
1722 1604 1958 1654 Heracli-

249 1680 343 1746 „tei
393 1683 448 1727 et
493 1677 720 1732 fortasse
757 1678 908 1726 etiam
956 1678 1041 1725 alii
1082 1676 1218 1729 illius
1254 1677 1435 1724 aetatis
1472 1675 1768 1742 philosophi
1806 1692 1959 1741 quum

236 1741 576 1815 ‘etymologia
626 1749 696 1797 ita
746 1748 888 1798 abusi
925 1752 1128 1809 essent,
1175 1752 1233 1797 ut
1277 1764 1367 1797 sua
1402 1747 1627 1811 ipsorum
1666 1748 1960 1811 opinionum

269 1826 555 1872 commenta
605 1819 782 1872 eximie
832 1820 1210 1879 confirmarent,
1265 1817 1554 1867 faciendum
1618 1817 1962 1884 philosophus

269 1893 534 1955 iudicavit,
571 1895 628 1941 ut
664 1906 764 1940 non
800 1891 950 1939 modo
985 1890 1188 1938 illorum
1224 1890 1477 1942 rationem
1508 1887 1702 1942 rideret
1742 1895 1795 1943 et
1833 1905 1962 1941 con·-

268 1964 519 2022 velleret,
569 1960 663 2012 ted
710 1960 858 2012 etiam
909 1977 1050 2011 suam
1090 1961 1250 2030 ipsius
1287 1959 1352 2008 de
1388 1959 1516 2012 ideis
1554 1960 1831 2015 doctrinam
1870 1978 1961 2012 eo-

274 2052 387 2086 rum
422 2035 646 2083 decretis
695 2038 979 2099 opponeret
1017 2048 1177 2097 eaque
1212 2032 1409 2081 ratione
1446 2031 1836 2095 demonstraret
1876 2050 1961 2084 so-

271 2109 374 2158 lam
409 2123 528 2156 esse
575 2105 888 2154 dialecticam
938 2120 1150 2169 eamque
1192 2108 1336 2154 recte
1368 2102 1717 2164 informatam,
1764 2122 1860 2170 qua
1897 2105 1962 2155 ad

272 2180 501 2229 veritatis
536 2178 876 2242 cognitionem
915 2177 1307 2241 pervelm-‚etur
1342 2175 1598 2246 Quocirca
1637 2175 1834 2241 dialogo
1873 2192 1961 2227 ex-

273 2258 440 2301 tremo
489 2250 767 2298 doctrinam
817 2247 880 2296 de
925 2247 1054 2296 ideis
1103 2223 1416 2311 opinionibus
1473 2246 1881 2303 Heiacliteorum
1930 2264 1961 2298 e

274 2324 486 2387 regione
534 2320 814 2371 collocat-‚it
899 2319 1188 2383 Quanquam
1223 2317 1358 2366 illam
1408 2319 1695 2381 neutiquam
1732 2320 1828 2368 iam
1866 2335 1962 2384 pro

277 2400 419 2445 certa
443 2398 498 2442 et
534 2391 795 2455 explorata
819 2391 1108 2452 venditavit,
1147 2388 1237 2439 sed
1273 2404 1385 2438 cum
1411 2391 1603 2444 somnio
1623 2389 1789 2455 aliquo
1818 2407 1963 2441 com-

277 2466 489 2532 paravit.
554 2463 901 2521 Veruntamen
935 2461 1070 2510 villud
1120 2462 1401 2511 certissime
1449 2460 1683 2512 iudicavit
1729 2478 1846 2511 esse
1884 2469 1964 2512 te-

278 2536 577 2594 merarium,
616 2536 660 2584 si
696 2536 806 2600 quis
843 2534 1099 2589 vocabulis
1135 2533 1247 2600 plus
1284 2548 1430 2598 quam
1480 2533 1577 2598 ipsi
1625 2549 1794 2587 rerum
1828 2536 1961 2587 veri-

278 2609 373 2662 tati
406 2607 671 2661 tribueret.

423 2717 704 2789 Superest,
752 2727 811 2774 ut
861 2720 1197 2787 quaerendum
1239 2720 1335 2780 sit,
1372 2734 1478 2785 quo
1507 2724 1740 2784 tempore
1776 2718 1861 2767 hic
1897 2718 1960 2767 li-

283 2797 378 2846 ber
410 2796 576 2844 literis
614 2796 955 2861 consignatus
971 2798 1038 2846 sit
1073 2801 1225 2858 atque
1259 2793 1309 2841 in
1346 2793 1509 2840 lucem
1549 2792 1728 2840 editus.
1804 2791 1961 2838 Cuius

277 2868 360 2917 rei
404 2866 587 2919 indicia
638 2869 942 2936 paucissima
994 2882 1153 2932 eaque
1199 2879 1299 2914 non
1349 2865 1482 2914 omni
1534 2879 1595 2915 ex
1644 2868 1790 2937 parte
1835 2863 1962 2911 satis

286 2942 431 2987 certa
475 2938 528 2988 in
578 2953 640 2987 eo
683 2941 1026 3004 reperiuntur.
1114 2936 1238 2985 Nam
1289 2950 1350 2985 ex
1386 2952 1435 3000 p.
1486 2935 1607 2987 385.
1647 2934 1707 2986 [2.
1747 2931 1845 2981 etsi
1882 2934 1959 2982 in·-

285 3010 561 3074 telligimus
611 3011 868 3076 scriptum
906 3026 1020 3059 eum
1065 3024 1182 3058 esse
1225 3012 1345 3073 post
1390 3007 1699 3071 Protagorae
1749 3005 1962 3064 obitum,

289 3087 458 3133 tamen
493 3097 682 3144 annuS,
720 3088 836 3131 ante
874 3098 1021 3146 quem
1058 3081 1275 3144 scriptus
1315 3078 1588 3127 existimari
1618 3078 1824 3135 debeat,
1862 3091 1963 3124 non

290 3157 467 3218 potest
502 3169 663 3217 aeque
699 3156 843 3203 certo
881 3153 1092 3201 definiri.
1161 3149 1397 3199 Mortuus
1452 3153 1619 3199 autem
1657 3147 1982 3210 Protagoras

289 3224 487 3274 videtur
534 3239 660 3273 anno
708 3230 825 3274 ante
871 3225 994 3276 Chr.
1043 3222 1164 3274 41⁰.
1201 3235 1288 3270 sex
1323 3218 1438 3270 fere
1474 3221 1616 3270 annis>
1648 3224 1765 3270 ante
1810 3219 1962 3267 tinem

296 3296 420 3348 belli
457 3295 897 3359 Peloponnesiaci,
928 3293 1170 3360 siquidem
1205 3293 1490 3342 verisimilis
1530 3297 1611 3340 cst
1644 3291 1772 3339 ratio
1808 3290 1960 3339 Fre-

297 3368 433 3415 reti
474 3369 523 3415 in
569 3367 734 3416 libro:
809 3366 1164 3417 Memoires
1201 3362 1273 3413 de
1307 3363 1660 3414 l’Academ.
1698 3362 1813 3410 des
1861 3360 1961 3410 ln-

2049 466 2066 544 ε

2049 570 2066 608 ..4
