2066 3666
253 157 325 213 98
555 139 565 147 ”
887 154 1309 209 thouis

255 305 511 356 lescentes
547 299 655 351 eius
691 299 893 351 virtutis
928 298 1098 361 studio
1134 303 1188 352 et
1222 314 1396 351 amore
1431 297 1762 351 incendantur
1795 304 1948 367 atque

254 378 644 429 inflammentur.
891 420 903 431 ,

396 446 511 496 Non
570 459 695 508 opus
757 458 875 493 esse
929 447 1190 507 putamus,
1246 448 1304 494 ut
1361 458 1492 493 nunc
1553 442 1842 509 singulatim
1885 442 1952 492 de

254 518 375 569 libri
422 518 684 582 proposito
733 519 787 563 et
849 515 1057 562 consilio
1118 521 1408 577 exponatur.
1493 513 1763 578 Speramus
1819 515 1952 563 enim

255 592 365 656 ipsa
413 587 697 653 argumenti
757 586 1075 634 enarratione
1125 586 1248 636 satis
1295 586 1601 635 declaratum
1652 601 1769 636 esse
1827 585 1953 651 illud

255 661 573 727 potissimum
608 659 660 706 in
694 672 756 704 eo
793 657 890 720 agi,
928 662 984 705 ut
1019 655 1181 704 falsae
1215 655 1279 706 de
1315 652 1651 721 temperantia
1688 658 1949 721 opiniones

257 737 596 797 coarguantur
667 732 722 775 et
791 727 937 776 simul
1001 728 1212 775 rationis
1284 723 1578 777 Socraticae
1641 729 1954 793 praestantia

258 803 574 854 ostendatur.
648 798 793 861 Quod
827 814 948 847 vero
986 798 1296 873 Charmides
1334 799 1632 848 adolescens
1670 800 1741 849 ita
1777 799 1956 864 depin«

259 876 426 942 gitur,
474 877 533 920 ut
567 872 679 936 ipsa
717 874 893 919 natura
929 874 1080 934 atque
1127 869 1333 919 fortuna
1370 887 1482 919 eum
1520 870 1784 934 perfectae
1819 876 1951 920 tem-

260 946 524 1013 perantiae
582 941 836 1005 exemplar
887 942 1083 1006 fingere
1146 942 1368 990 voluisse
1430 942 1688 1003 videatur,
1765 941 1951 991 Critias

262 1023 441 1067 contra
472 1016 546 1062 sic
586 1013 818 1071 disserit,
867 1017 924 1060 ut
957 1013 1246 1061 Socraticae
1285 1007 1652 1084 σωφροσύνης
1689 1019 1953 1078 praestan-

261 1090 385 1138 tiam
434 1102 533 1134 non
570 1085 873 1149 perspiciat,
928 1085 1174 1147 suspicari
1221 1085 1344 1133 licet
1391 1085 1752 1150 philosophum
1803 1085 1953 1134 simul

262 1159 487 1208 voluisse
535 1156 748 1203 alterum
796 1153 944 1202 laude
994 1156 1101 1203 eius
1150 1157 1349 1204 virtutis
1399 1156 1643 1216 afficere,
1695 1173 1791 1221 qua
1840 1171 1956 1205 eum

262 1230 477 1295 maxime
512 1227 759 1291 insignem
796 1225 961 1274 fuisse
1000 1242 1029 1274 e
1065 1225 1342 1291 Xenoph.
1383 1227 1542 1276 Mem.
1580 1227 1676 1286 ΙΙΙ,
1712 1228 1762 1276 7.
1801 1243 1958 1292 appa·-

263 1305 372 1361 ret3
431 1300 646 1348 alterum
691 1297 876 1345 leniter
924 1297 1225 1357 admonere,
1279 1304 1336 1347 ut
1383 1315 1448 1347 ne
1495 1298 1810 1363 disciplinam
1859 1298 1983 1347 80--

264 1373 506 1424 craticam
544 1372 905 1420 contemneret.
979 1368 1162 1417 Narrat
1210 1369 1341 1419 enim
1391 1370 1687 1434 Xenoph.
1723 1369 1882 1419 Mem.
1917 1369 1958 1431 Ι,

266 1444 337 1505 24
373 1443 437 1492 12
480 1469 537 1476 —-
584 1442 667 1491 16.
707 1440 923 1503 ‘Critiam
971 1445 1298 1505 posteaquam
1347 1443 1404 1491 se
1443 1442 1696 1506 putaverit
1733 1440 1959 1492 Socratis

267 1514 616 1565 familiaritate
670 1517 723 1560 et
770 1513 1083 1561 institutione
1137 1512 1366 1562 idoneam
1415 1513 1698 1561 disserendi
1746 1513 1961 1562 faculta-

268 1592 377 1637 tem
412 1585 652 1649 adeptum
703 1599 843 1645 esse,
896 1585 1191 1649 magistrum
1240 1584 1531 1635 deseruisse
1578 1586 1686 1634 eius
1731 1584 1979 1653 discipli-⁹
2048 1574 2055 1591 '

271 1674 370 1709 nae
406 1658 768 1706 immemorem.

413 1729 582 1793 Atque
642 1727 723 1775 his
763 1732 1040 1792 ‘utcunque
1094 1727 1356 1792 explicatis
1410 1727 1536 1776 nihil
1587 1727 1640 1777 in
1696 1731 1807 1776 toto
1856 1726 1958 1775 hoc

269 1801 402 1851 libro
439 1801 610 1848 inesse
645 1799 932 1862 apparebit,
981 1799 1114 1864 quod
1157 1799 1350 1848 fraudis
1406 1800 1613 1848 alicuius
1649 1799 1730 1846 vel
1769 1798 1959 1848 erroriS

205 1935 213 1940 ο
271 1873 611 1937 suspicionem
684 1875 897 1918 moveat.
1007 1871 1254 1933 Quocirca
1324 1885 1424 1919 non
1505 1870 1787 1919 accedimus
1858 1869 1958 1919 Fr.

268 1944 460 1994 Astio
498 1942 574 1990 De
611 1941 731 1992 Vita
769 1946 822 1990 et
859 1940 1074 2006 Scriptis
1111 1942 1239 1994 Plat.
1279 1959 1328 2006 p.
1366 1941 1472 1989 419
1515 1957 1622 2006 sqq.
1652 1939 1703 2009 *)
1745 1946 1798 1990 et
1835 1940 1958 1989 Ios·

271 2015 566 2065 Sochero
603 2013 680 2061 De
714 2012 842 2061 Plat.
881 2012 1098 2078 Scriptis
1148 2029 1198 2079 p.
1241 2014 1343 2063 130
1380 2029 1517 2078 sqq„
1569 2014 1654 2076 qui
1691 2029 1804 2062 eum
1841 2012 1957 2061 Pla-

269 2088 379 2137 toni
415 2084 790 2135 abiudicandum
827 2090 1147 2138 censuerunt.
1198 2085 1306 2134 Nec
1343 2086 1405 2133 iis
1433 2086 1650 2133 accessit
1687 2084 1767 2132 Io.
1796 2083 1957 2132 Och-

271 2175 452 2208 mann
510 2157 844 2206 Commentat.
893 2154 1159 2206 Uratislav.
1200 2157 1354 2205 1827.
1391 2155 1442 2207 8.
1492 2156 1654 2216 edita,
1705 2171 1831 2220 quae
1881 2156 1956 2203 sic

270 2231 515 2295 inscripta
577 2233 691 2277 est:
765 2228 1139 2277 Charmides
1202 2228 1500 2294 Platonis
1568 2228 1671 2292 qui
1730 2227 1957 2275 fertur

270 2302 580 2365 dialogus
619 2316 753 2349 num
792 2301 879 2349 sit
914 2301 1231 2365 genuinus
1269 2300 1642 2363 quaeritur;
1680 2314 1956 2363 quanquam

270 2374 315 2424 is
353 2373 418 2421 de
457 2373 703 2421 sermonis
732 2377 1027 2436 argumento
1065 2377 1118 2420 et
1151 2371 1417 2436 proposito
1453 2386 1552 2419 non
1579 2371 1777 2418 omnino
1813 2374 1958 2418 recte

268 2445 520 2495 iudicavit.
595 2443 835 2493 Ceterum
873 2442 1547 2492 Schleiermacherus
1585 2441 1717 2490 hunc
1755 2456 1956 2506 quoque

269 2517 452 2566 librum
489 2515 802 2580 Protagorae
850 2518 1082 2577 tanquam
1122 2514 1373 2563 cumulum
1411 2514 1690 2562 accessisse
1737 2514 1953 2561 arbitra-

269 2592 381 2648 tur,
418 2603 447 2636 a
485 2601 583 2651 quo
621 2601 711 2634 cur
748 2602 807 2634 ea
843 2586 894 2633 in
928 2601 986 2634 re
1023 2586 1400 2646 dissentiamuS‚
1439 2600 1500 2634 ex
1534 2584 1856 2634 Praefatione
1891 2583 1955 2634 ad

269 2658 551 2709 Lachetem
590 2658 946 2721 perspicietur.

411 2729 673 2793 Perpetuo
720 2727 1105 2787 commentario,
1153 2727 1205 2776 in
1240 2727 1578 2792 grammaticis
1622 2726 1833 2774 maxime
1868 2740 1954 2774 re-

265 2802 361 2853 bus
398 2805 644 2864 occupato
677 2798 796 2860 illo,
830 2800 1066 2848 instruxit
1112 2798 1244 2847 hunc
1292 2799 1472 2847 librum
1507 2797 1682 2847 Ludo
1698 2813 1743 2846 v.
1779 2796 1954 2845 Frid.

264 2867 748 2931 Heindorfius,
803 2869 1029 2934 Dialogg.
1079 2868 1268 2920 Select.
1320 2869 1440 2920 Vol.
1484 2869 1521 2923 I.
1570 2869 1741 2918 Berol.
1797 2868 1953 2916 1802.

264 2945 347 3006 8.,
395 2959 525 3010 quae
562 2942 720 2991 editio
758 2947 966 2991 curante
1001 2940 1324 3006 Philippo
1361 2941 1761 2990 Buttmanno
1796 2954 1953 3004 repe-

264 3017 478 3078 titayest
523 3014 644 3066 ibid.
686 3013 840 3063 1827.
915 3008 1148 3063 Secunda
1196 3011 1351 3063 editio
1400 3017 1625 3076 textum,
1677 3026 1825 3077 quem
1860 3024 1952 3060 vo-

314 3279 356 3334 *)
415 3283 539 3327 Quae
579 3280 648 3321 vir
686 3262 1107 3323 doctissimumibid‘.
1151 3296 1192 3333 p.
1224 3286 1321 3324 423.
1364 3287 1406 3324 et
1448 3296 1490 3334 p.
1521 3286 1608 3323 427
1655 3294 1718 3330 sq.
1767 3277 1953 3330 protulit

405 3339 585 3384 νοθείας
619 3343 894 3391 argumenta,
925 3342 1141 3382 noluimus
1169 3341 1419 3394 singulatim
1450 3342 1675 3383 refellere:
1707 3343 1808 3378 sunt
1838 3337 1953 3376 enim

404 3397 570 3437 nullius
606 3400 705 3439 ἴοι-ο
734 3398 963 3464 momenti.
