2066 3666
319 132 391 186 20
951 134 1376 190 PLATONJS
1459 131 1465 135 ’

323 277 550 331 Platonis
586 275 876 345 magistrum
912 275 1098 340 fuisse,
1145 277 1197 328 id
1231 277 1312 329 his
1349 278 1612 342 omnibus,
1659 294 1786 345 quae
1827 282 1894 333 de
1931 300 1995 334 eo

321 352 613 413 retulimus,
648 352 770 401 satis
805 355 949 400 certo
984 350 1320 414 redarguitur,
1348 355 1407 400 ut
1441 351 1815 416 haudquaquam
1850 356 1994 405 dubi

326 429 434 474 tem
470 422 705 473 assentiri
752 421 851 473 Fr.
907 422 1098 471 Astio
1148 420 1225 470 De
1272 421 1391 472 Vita
1439 427 1494 471 et
1528 421 1740 487 Scriptis
1772 424 1901 476 Plat.
1946 443 1996 491 p.

325 495 414 548 20.
485 499 540 544 et
599 493 892 544 Groenio
959 507 1073 541 van
1138 489 1532 542 Prinsterer
1590 493 1998 581 Prosopograph.

321 565 454 618 Plat.
491 581 540 631 p.
576 563 696 617 225.
733 568 892 613 totam
927 577 1036 613 rem
1071 567 1267 612 temere
1303 563 1477 614 fictam
1515 568 1569 613 et
1590 567 1881 616 ementitam
1914 569 1999 617 iu-

323 636 622 689 dicentibus,
694 635 889 698 Nempe
934 634 1156 698 quisquis
1205 633 1335 698 apud
1381 634 1657 700 Diogenem
1703 644 1882 688 auctor
1918 642 2001 688 est

322 709 615 759 verborum.
649 700 962 776 Ἑρμογένει
994 722 1071 771 τῳ
1102 723 1170 756 τα
1207 704 1565 773 Παρμενίὸου
1587 707 2001 791 φιλοσοφοῦντι

324 785 381 832 et
413 777 689 845 particulae
713 794 768 827 τε
802 781 920 841 post
944 770 1216 841 Κοατύλω
1252 778 1466 840 positae
1500 778 1715 827 insenuit
1752 795 1811 828 ea
1845 780 2002 830 homo
2025 797 2045 819 t

323 851 480 916 longe
523 849 897 913 ineptissimuS,
945 848 1029 910 qui
1075 861 1221 910 quum
1273 847 1531 912 cratylum
1578 848 1740 899 fuisse
1776 849 2003 902 Platonis

324 921 621 987 magistrum
665 919 909 984 legisset,
958 933 1152 967 memor
1199 917 1565 984 Hermogenis,
1614 920 1699 984 qui
1742 936 1840 971 una
1889 938 2004 974 cum

325 993 416 1044 illo
451 992 503 1041 in
536 990 637 1040 hoc
670 990 802 1040 libro
840 990 1051 1052 loquens
1086 988 1318 1053 inductus
1357 996 1526 1052 esset,
1579 997 1818 1056 protenus
1853 993 2004 1043 liuius

322 1070 525 1128 quoque
558 1076 742 1116 nomen
777 1060 976 1121 allevit,
1016 1063 1076 1109 ut
1109 1075 1174 1110 ne
1210 1060 1542 1126 philosophus
1577 1064 1721 1113 unius
1758 1064 2007 1117 Heracliti

322 1133 555 1184 doctrina
587 1133 808 1182 imbutus
855 1145 973 1181 esse
1017 1130 1288 1185 videretur.
1370 1132 1514 1182 Haec
1561 1133 1626 1183 de
1660 1134 2007 1201 Hermogene.

320 1204 588 1271 Pergimus
632 1203 696 1253 ad
742 1201 1000 1270 Gratylum
1015 1237 1034 1269 ‚
1093 1203 1232 1255 cuius
1277 1203 1478 1256 nomine
1521 1203 1606 1256 hic
1653 1205 1880 1274 dialogus
1928 1208 2007 1261 in-

321 1277 544 1344 scriptus
579 1280 676 1326 est.
694 1311 698 1318 f

465 1419 680 1488 Negavit
712 1422 883 1470 autem
927 1416 1031 1470 Fr.
1075 1419 1310 1472 Astius
1355 1429 1406 1485 p.
1444 1417 1556 1482 la,
1605 1417 1686 1470 cui
1732 1418 2009 1470 assentitur

324 1491 665 1546 Socherus
703 1490 784 1542 De
829 1490 1045 1556 Scriptis
1093 1490 1321 1542 Platonis
1370 1505 1420 1576 p.
1470 1490 1590 1543 162.
1642 1490 1774 1540 hunc
1825 1491 2008 1557 craty-

263 1591 265 1595 .
320 1565 464 1616 lum
475 1580 594 1616 esse
641 1563 886 1624 eundem,
936 1558 1022 1627 qui
1065 1562 1266 1614 Platoni
1311 1564 1500 1628 primus
1546 1562 1870 1613 Heracliteae
1924 1579 2006 1612 sa-

321 1636 547 1702 pientiae
585 1634 816 1684 notitiam
865 1634 1176 1709 impertiisse
1223 1639 1482 1695 narratur,
1542 1638 1815 1698 propterea
1871 1634 2007 1698 quod

321 1705 655 1794 philosophus
699 1719 801 1754 uon
843 1687 1030 1754 fuisset
1073 1705 1456 1766 commissurus,
1506 1709 1564 1753 ut
1598 1719 1740 1765 eum,
1790 1719 2007 1768 quocum

320 1779 420 1845 ipsi
450 1782 594 1828 tanta
626 1776 1008 1827 intercessisset
1041 1776 1287 1837 amicitia,
1337 1779 1442 1824 tam
1478 1774 1609 1823 male
1646 1775 1861 1825 haberet
1894 1781 2007 1826 tur·-

320 1850 555 1915 piterque
598 1846 847 1899 laederet.
922 1845 1001 1895 De
1045 1861 1142 1909 qua
1186 1861 1246 1896 re
1290 1846 1416 1896 mihi
1460 1844 1632 1895 fateor
1666 1846 1818 1911 longe
1855 1862 2006 1898 secus
2065 1867 2066 1916 ;

317 1920 496 1971 videri.
576 1917 705 1968 Nam
750 1915 964 1981 primum
1012 1916 1213 1981 quidem
1265 1915 1331 1966 de
1375 1915 1569 1966 duobus
1604 1915 1826 1984 cratylis
1877 1918 2019 1970 nihils
2054 1959 2056 1961 -

318 2005 529 2056 usquam
565 1989 836 2041 memoriae
870 1985 1126 2053 proditum
1159 1986 1405 2053 legimus,
1443 2002 1538 2037 nec
1573 1988 1882 2040 Aristoteles
1914 1996 2004 2042 aut

320 2062 563 2129 Apuleius
596 2059 782 2124 aliquid
826 2060 1093 2120 adiiciunt,
1139 2059 1274 2109 unde
1318 2059 1565 2124 magister
1596 2058 1888 2126 philosophi
1928 2063 2000 2113 >ab

319 2134 488 2185 altero
523 2132 860 2197 dignoscatur.
931 2130 1078 2215 Quod
1113 2134 1286 2181 tamen
1307 2131 1579 2179 verisimile
1600 2135 1681 2179 est
1704 2147 1793 2182 eos
1828 2132 1999 2182 factu·
2037 2171 2047 2180 ,

319 2221 409 2256 ros
445 2204 640 2265 fuisse,
685 2218 836 2266 quum
871 2201 955 2251 hic
1001 2203 1114 2268 ipse
1159 2201 1290 2251 liber
1324 2200 1518 2265 Cratyli
1570 2203 1771 2253 nomine
1814 2203 1999 2255 inscri-

318 2282 439 2343 ptus
460 2277 521 2327 iis
554 2276 756 2341 ignotus
782 2289 900 2322 esse
927 2289 1025 2323 non
1053 2273 1292 2339 potuerit.
1362 2271 1558 2322 Deinde
1581 2288 1730 2338 quum
1756 2273 1884 2324 hic
1866 2291 1999 2340 lpse,

317 2349 462 2399 cuius
507 2361 681 2397 mores
729 2349 783 2395 et
827 2345 1077 2410 ingenium
1122 2345 1176 2395 in
1216 2344 1318 2394 hoc
1353 2342 1588 2394 sermone
1621 2344 2000 2411 adumbrantur,

318 2418 645 2470 Heracliteae
699 2416 783 2466 vel
837 2418 1007 2482 potius
1049 2416 1393 2481 Protagoreae
1455 2414 1717 2467 doctrinae
1764 2418 1994 2469 addictus

318 2491 420 2553 sit,
463 2504 557 2554 per
605 2505 663 2538 se
707 2488 860 2553 longe
895 2492 975 2537 est
1009 2487 1419 2538 verisimillimum
1457 2502 1568 2537 eum
1606 2504 1723 2538 esse
1761 2489 1994 2552 eundem,

314 2562 402 2627 qui
455 2561 717 2612 Platonem
772 2559 1146 2608 adolescentem
1201 2556 1609 2608 Heracliteorum
1667 2559 1993 2613 decretorum

314 2633 496 2684 notitia
539 2631 860 2691 instruxerit,
915 2631 1011 2680 nisi
1057 2629 1198 2679 forte
1241 2630 1528 2685 existimare
1574 2631 1794 2683 volueris
1838 2633 1991 2683 alium

316 2706 469 2756 etiam
502 2716 716 2765 eumque
753 2701 920 2752 multo?
947 2702 1278 2751 celebriorem
1313 2701 1536 2750 eiusdem
1573 2703 1787 2752 nominis
1821 2703 1992 2768 philo-

315 2776 532 2841 sophum
571 2775 782 2835 vixisse,
840 2773 925 2837 qui
969 2774 1020 2823 in
1063 2773 1163 2822 hoc
1210 2787 1444 2822 sermone
1487 2773 1559 2822 sic
1607 2775 1832 2838 potuerit
1878 2776 1990 2826 sine

313 2848 417 2897 ulla
460 2846 662 2912 generis
713 2848 768 2893 et
811 2858 1004 2894 morum
1050 2843 1307 2892 notatione
1352 2843 1563 2908 loquens
1607 2844 1789 2898 induci.
1871 2845 1988 2896 Huc

311 2917 513 2969 accedit
553 2916 796 2979 denique,
846 2915 981 2978 quod
1010 2914 1140 2980 apud
1170 2914 1503 2965 Aristotelem
1537 2931 1602 2964 ne
1634 2917 1840 2965 verbum
1877 2919 1987 2981 qui-
2032 2947 2033 2951 =

312 2990 430 3040 dem
466 2989 652 3052 legitur
687 2987 751 3035 de
785 2987 1026 3046 amicitia,
1074 3000 1202 3050 quae
1236 2986 1368 3034 inter
1403 2985 1658 3051 Cratylum
1708 2993 1762 3037 et
1807 2987 1982 3040 Plato·
2030 3021 2032 3023 -

309 3076 428 3112 nem
461 3059 831 3111 intercesserit.
899 3057 1087 3107 Scribit
1109 3057 1239 3107 enim
1263 3056 1528 3122 Stagirites
1563 3058 1718 3107 haec.
1755 3061 1814 3110 ἐκ
1849 3061 1981 3111 νέου
2028 3104 2029 3108 ,

307 3150 414 3202 γαρ
465 3124 880 3212 συγγενόμενος
911 3127 1131 3194 ποῶῒον
1182 3128 1447 3197 Κρατύλω
1509 3147 1602 3180 και
1651 3135 1771 3189 ταῖς
1813 3124 1979 3211 ‘Hocc-

308 3202 594 3262 κλειτείαις
617 3194 808 3281 δόξαις
843 3193 916 3260 ὠς
942 3193 1199 3250 ἁπάντων
1235 3198 1345 3250 τῶν
1378 3198 1672 3263 αισθητῶν
1706 3195 1792 3251 ἀεὶ
1827 3196 1978 3269 ῥεόν-
2025 3235 2027 3237 -

305 3290 418 3325 των
453 3273 547 3326 καὶ
579 3265 877 3354 ἐπιστήμης
906 3271 1030 3339 περὶ
1063 3266 1243 3322 αὐτῶν
1280 3267 1381 3322 οὐκ
1419 3267 1612 3335 οὔσης,
1666 3270 1840 3321 ταῦτα
1873 3273 1978 3339 μὲν

302 3339 537 3415 ὕστερον
585 3338 761 3407 οὕτως
808 3338 1062 3410 ὑπέλαβε.
1134 3342 1310 3409 ltaque
1356 3342 1456 3397 hoc
1501 3348 1690 3396 tautum
1738 3342 1827 3397 ille
1858 3359 1973 3398 nar·
2021 3378 2023 3381 .
