2066 3666
262 188 381 239 188<
835 184 1302 250 ,PLATONIS

264 343 393 394 quos
425 326 579 378 etiam
604 329 876 395 Anytus
914 329 1091 394 fuerit,
1127 330 1273 380 valde
1309 330 1646 381 contemsisse
1684 335 1738 381 et
1772 347 1958 396 super-

248 401 449 449 'ciliose
477 402 791 454 tractavisse.
863 401 942 450 Ex
979 417 1077 467 quo
1107 403 1382 451 verisimile
1418 403 1480 450 fit
1506 402 1770 452 Platonem
1808 402 1961 452 simul

238 463 466 522 'caus'am
503 473 704 536 aperire
746 472 1002 534 voluisse
1051 489 1142 521 cur
1176 474 1374 538 Anytus
1419 475 1629 538 eiusque
1677 475 1830 557 socii,
1875 474 1961 538 qui

267 543 534 593 Socratem
581 559 820 592 accusare
879 545 1258 593 constituissen
1276 582 1315 613 ,
1356 547 1626 594 amicitiam
1691 547 1799 594 eius
1846 561 1960 594 cum

265 615 529 666 Alcibiade
564 619 706 663 tanto
747 615 862 663 odio
887 616 1169 664 habuerint.
1207 616 1356 664 Hoc
1394 623 1563 665 autem
1599 633 1696 665 non
1728 617 1961 681 potuisse

265 692 506 753 tempore
531 687 690 750 magis
720 693 1005 750 opportuno
1044 688 1104 735 ab
1144 703 1205 736 eo
1243 679 1375 742 fieri
1414 704 1560 750 quam
1597 704 1695 751 quo
1716 689 1968 753 magistro

266 759 559 809 imminebat
581 758 752 806 iudicii
779 759 1074 821 periculum,
1101 763 1327 824 apertum
1349 775 1404 807 es
1392 775 1464 807 se
1489 761 1803 810 arbitramur.
1857 757 1962 806 Sed
1994 808 1997 813 ,

265 836 324 880 ut
357 830 457 880 hoc
493 844 588 894 pro
625 829 777 877 dubio
816 834 872 878 et
907 831 1103 879 incerto
1141 831 1416 891 habeatur,
1467 831 1594 891 illud
1638 836 1810 879 tamen
1846 846 1960 878 cer-

266 903 518 952 tissimum
556 905 822 966 putamus,
871 901 1057 950 librum
1091 917 1192 951 non
1241 918 1358 950 esse
1391 907 1513 966 p'ost
1550 902 1775 951 Socratis
1814 916 1963 949 accu-

270 975 520 1024 sationem
562 971 869 1022 confectum.
943 973 1073 1022 Nam
1110 973 1323 1024 Socrate
1362 974 1693 1022 condemnato
1731 973 1963 1038 philoso-

269 1046 402 1110 phus
453 1044 672 1092 dubitari
707 1059 807 1092 non
840 1048 1014 1108 potest
1062 1047 1181 1108 quin
1221 1062 1332 1094 rem
1378 1046 1539 1094 multo
1591 1046 1740 1094 aliter
1777 1045 1966 1094 fuisset

268 1120 595 1167 tractaturus.

373 1188 552 1250 Quae
589 1201 741 1250 quum
777 1186 851 1234 ita
887 1187 1018 1246 sint,
1062 1186 1303 1251 profecto
1339 1187 1424 1236 hic
1461 1187 1690 1252 dialogus
1727 1188 1830 1237 etsi
1865 1203 1967 1236 non

273 1276 334 1308 ea
371 1266 482 1308 arte
518 1258 728 1322 insignis
769 1263 878 1316 est,
917 1274 1063 1321 quam
1099 1259 1152 1306 in
1188 1259 1298 1306 aliis
1337 1260 1574 1322 operibus
1612 1259 1840 1307 Platonis
1878 1258 1966 1306 ad·

260 1323 540 1390 miramur,
578 1334 745 1382 tamen
785 1329 1092 1393 philosopho
1129 1346 1230 1390 non
1267 1330 1622 1379 abiudicandus
1659 1331 1874 1378 videtur.

416 1403 655 1451 Ceterum
709 1402 862 1448 etiam
910 1401 1230 1463 Aeschines,
1278 1401 1549 1461 Euclides,
1611 1401 1853 1450 Phaedon
1916 1404 1970 1450 et

158 1470 161 1474 ’
235 1472 603 1534 ‚Antisthenes
658 1471 886 1536 dialogos
929 1473 1206 1524 Alcibiadis
1258 1475 1463 1524 nomine
1508 1474 1783 1539 inscriptos
1829 1488 1968 1522 com-

271 1547 508 1613 posuisse
545 1544 826 1611 narrantur.

536 1784 973 1839 PECULIARES
1009 1781 1290 1833 DIALOGI
1324 1783 1713 1840 EDITIONES.

348 1904 351 1909 ·
418 1887 725 1940 Platonis
755 1883 1150 1936 Alcibiades
1190 1885 1227 1933 Ι.
1267 1884 1400 1933 etlI.
1441 1901 1470 1933 e
1513 1886 1623 1933 cod.
1662 1901 1753 1933 ms.
1792 1883 1977 1932 biblio-

278 1961 467 2010 thecae
515 1960 575 2008 D.
624 1959 790 2008 Mrrci
839 1956 1093 2005 emendati
1147 1961 1200 2004 et
1250 1973 1364 2004 cum
1412 1958 1667 2005 versione-
1693 1956 1858 2004 Ficiui
1917 1969 1976 2003 ac
2034 1985 2062 2015 ,;-,

176 2045 190 2061 ·
277 2032 686 2082 adnotationibus
727 2030 1123 2078 clarissimorum
1160 2028 1494 2092 interpretum
1534 2031 1741 2091 suisque
1779 2027 1904 2076 editi
1950 2040 1980 2073 a

211 2096 213 2099 ⁵
278 2103 355 2154 M.
395 2103 630 2153 Carolo
665 2101 1106 2164 Niirnberger.
1178 2098 1398 2164 Lipsiae,
1439 2101 1596 2150 1795.
1634 2100 1683 2151 8.
1722 2101 1835 2147 mai.
1875 2095 1984 2146 Co?
2042 2099 2066 2160 ,ὦ

280 2176 379 2224 dex
430 2176 802 2238 manuscriptus
848 2174 909 2221 ab
961 2171 1161 2219 editore
1206 2179 1526 2235 comparatus
1583 2171 1726 2219 nobis
1772 2174 1982 2218 vocatur
2036 2164 2050 2222 ff'

278 2247 467 2300 Venet.
508 2248 574 2306 b„
600 2244 816 2296 sive‘JI.
854 2245 1113 2293 Excussus
1152 2245 1303 2292 etiam
1344 2259 1371 2290 a
1409 2243 1643 2290 Beitkero
1685 2247 1780 2291 est.

382 2312 387 2323 ’
425 2318 724 2367 Platonis
761 2316 1027 2379 Dialogi
1067 2313 1154 2365 ιν.
1232 2314 1422 2373 Meno„
1469 2314 1640 2374 erico,
1692 2311 1980 2362 Alcibiades

254 2395 531 2454 Nuterqoe,
571 2406 685 2438 cum
717 2391 936 2437 virorum
962 2387 1239 2434 'doctorum
1281 2386 1802 2434 animadversionibus.
1881 2384 1982 2432 Cu-
2032 2380 2049 2427 ’.

2020 1131 2037 1153 X

278 2463 409 2512 ravit
432 2463 470 2509 B
491 2463 628 2521 ie'st
648 2477 733 2510 er.
770 2459 997 2508 Libellus
1035 2459 1251 2522 primum
1281 2459 1471 2522 prodiit
1497 2458 1723 2506 Berolini
1759 2473 1800 2503 a.
1827 2455 1984 2502 ῙἹΘθ.
2030 2456 2040 2535 ἑ

282 2534 462 2594 Tertia
504 2533 659 2582 editio
693 2533 943 2596 prioribus
981 2531 1176 2578 auctior
1214 2535 1267 2577 et
1299 2530 1612 2579 emendatior
1646 2529 1783 2577 sacta
1823 2532 1904 2575 est
1941 2542 1985 2573 a.

283 2605 475 2665 1811„
528 2605 578 2652 in
630 2621 726 2668 qua
774 2602 990 2652 curanda
1029 2601 1453 2650 Buttmannus
1502 2601 1719 2650 accessit
1758 2595 2047 2657 laborum

285 2678 471 2727 socius.
546 2676 788 2738 Quartam
835 2675 1053 2737 denique
1108 2673 1382 2722 editionem
1428 2675 1631 2738 penitus
1677 2672 1988 2719 immutatam
2024 2681 2045 2738 p!

286 2749 427 2798 solus
475 2748 666 2796 curavit
712 2747 1169 2795 Buttmannns
1203 2761 1246 2793 a.
1289 2744 1444 2794 1⁴⁶2&
1494 2747 1544 2794 S.
1638 2743 1714 2793 Ad
1766 2739 1990 2789 Biesteri

279 2815 560 2870 editionem
598 2819 754 2867 multa
783 2818 1104 2866 contulerunt
1127 2815 1227 2864 Fr.
1252 2816 1531 2876 Gedike„
1571 2817 1610 2866 l.
1633 2815 1695 2864 G.
1713 2812 1987 2862 Schnei-

282 2891 404 2941 der
465 2889 608 2951 etl.
654 2889 718 2940 C.
771 2889 1156 2950 Gottleber‚
1215 2903 1341 2953 quae
1391 2892 1653 2938 maximam
1703 2890 1903 2951 partem
1960 2898 1992 2930 a.

283 2962 592 3014 Buttmanno
632 2966 927 3009 conservata
967 2963 1100 3008 sunt.

427 3035 736 3083 Platonis
773 3033 1177 3097 Symposium
1218 3034 1279 3078 et
1317 3026 1693 3077 Alcibiades
1730 3027 1994 3092 primus.

293 3100 578 3164 Recennsuit
612 3105 656 3153 F
671 3122 714 3153 r.
738 3105 834 3153 'As
852 3106 1000 3171 tius.
1072 3101 1368 3150 Landishuti
1385 3138 1401 3160 .‚
1439 3099 1597 3149 1809.
1634 3099 1685 3151 8.

335 3197 358 3218 t
439 3177 722 3242 Per-parvus
762 3176 916 3225 hodie
966 3191 1087 3224 usus
1127 3179 1209 3224 est
1247 3183 1450 3234 eorum,
1501 3187 1628 3236 quae
1663 3167 1997 3220 Etwallus

460 3335 534 3375 tie.
563 3348 603 3383 p.
636 3335 732 3373 762.
754 3336 801 3372 C.
823 3346 866 3381 p.
891 3336 956 3374 56.
977 3332 1202 3380 VVyttenb.
1238 3333 1284 3369 et
1317 3332 1369 3367 ab
1399 3330 1690 3368 Athenaeo
1713 3328 1810 3367 ΧΠ
1836 3339 1877 3376 p.
1902 3325 1999 3361 534.
2026 3326 2029 3338 '

461 3394 514 3431 Ε.
524 3393 574 3430 F.
593 3394 781 3440 Anytum
803 3392 931 3429 istum
956 3402 1042 3428 non
1075 3401 1171 3428 esse
1192 3388 1324 3426 alium
1349 3399 1474 3436 quam
1495 3387 1692 3425 Socratis
1714 3383 2026 3428 accusatorem

462 3448 632 3490 erudite
663 3449 898 3500 disputavit
930 3451 1116 3487 buzae
1146 3446 1199 3484 ad
1229 3449 1351 3485 Orat.
1386 3446 1453 3484 De
1484 3446 1669 3485 Socrate
1698 3443 1792 3482 cive
1829 3438 2025 3491 p.133.;

2032 2655 2046 2680 *ἰ

2028 2734 2044 2798 Ῑ

2018 2921 2039 2995 ...3⁴22
2024 2860 2041 2897 ‘²2
2029 2812 2034 2826 ,.
