2066 3666
203 142 242 192 8
859 135 1267 192 PLATONIS

215 281 498 342 Xanthum,
558 278 934 336 Scamandrium
1000 285 1064 336 ab
1136 283 1424 335 hominibus
1479 288 1711 335 vocatum
1764 300 1910 346 esse3

137 394 140 396 .
216 355 453 440 idemque
500 361 862 407 commemorat
903 371 1044 407 avem
1082 355 1355 443 quandam,
1405 371 1534 421 quae
1571 373 1601 405 a
1637 355 1733 405 diis
1769 357 1912 406 chal-

216 428 292 476 cis
331 422 591 490 appellata
625 427 708 477 sit.
780 427 885 477 Sed
920 429 1049 478 haec
1083 415 1235 493 atqiie
1272 428 1371 477 alia
1403 428 1454 477 id
1491 443 1652 494 genus
1687 427 1913 478 fortasse

219 496 533 547 abstrusiora
582 503 702 548 sunt
744 501 1005 566 magisque
1054 500 1349 560 recondita,
1397 516 1542 565 quam
1588 504 1646 548 ut
1689 515 1719 548 a
1765 499 1916 548 nobis

219 568 376 618 facile
412 569 612 635 possint
653 571 884 637 intelligi.
961 570 1271 621 Scamandrii
1307 578 1474 623 autem
1501 576 1555 621 et
1590 570 1919 635 Astyanactis

218 655 421 702 nomen,
459 640 592 707 quod
615 646 884 707 utrumque
908 641 1153 692 Hectoris
1187 642 1295 691 filio
1321 642 1492 692 datum
1516 658 1632 692 esse
1669 647 1918 703 narratur,

218 717 366 762 certe
378 710 604 762 fortasse
627 729 658 761 a
679 715 822 765 nobis
842 714 1067 780 indagari
1090 716 1298 779 poterit.
1319 714 1506 763 Narrat
1517 715 1648 764 enim
1663 714 1921 762 Homerus

217 783 463 834 Hectoris
496 783 656 832 filium
683 801 714 835 a
740 785 975 835 Troianis
1010 791 1241 838 vocatum
1265 801 1383 836 esse
1411 787 1756 852 Astyanacta·
1794 797 1923 868 ergo

218 854 354 913 idem
380 871 410 904 a
429 855 724 908 mulieribus
742 855 1093 912 Scamandrius
1116 858 1401 922 appellatus
1425 863 1524 907 est.
1558 857 1661 908 lam
1684 871 1807 904 vero
1830 854 1925 904 viri

219 926 517 984 mulieribus
546 931 665 976 sunt
688 929 1065 993 prudentiores,
1139 928 1315 996 Itaque
1337 932 1531 979 rectius
1553 929 1644 979 ille
1667 930 1926 992 Astyanax

217 1004 427 1049 vocatus
445 996 662 1047 videtur.
698 998 854 1050 Cuius
872 1000 1085 1049 nominis
1109 1002 1242 1050 ratio
1265 1006 1440 1065 aperta
1463 1006 1544 1051 est
1564 1005 1620 1050 et
1641 999 1928 1062 manifesta.
1998 1014 2000 1017 ’

224 1071 355 1134 Quia
387 1070 519 1119 enim
556 1069 784 1133 Hector,
820 1073 936 1138 ipso
973 1072 1202 1122 Homero
1237 1077 1405 1134 teste,
1439 1074 1617 1123 urbem
1653 1084 1931 1135 murosque

224 1147 421 1191 tutatus
459 1147 559 1202 est,
594 1139 755 1191 filium
777 1145 886 1193 eius
907 1159 1084 1209 regem
1109 1144 1249 1193 urbis
1276 1144 1674 1209 appellaverunt.
1753 1143 1932 1192 Enim-

225 1228 348 1262 vero
394 1214 556 1278 ipsius
604 1212 845 1265 Hectoris
887 1231 1071 1265 nomen
1120 1216 1372 1280 significat
1421 1232 1566 1278 eum,
1616 1216 1711 1280 qui
1754 1214 1933 1263 urbem

226 1289 371 1338 tenet
416 1284 639 1349 ideoque
689 1286 799 1336 eius
843 1291 926 1336 est
962 1286 1225 1336 dominus:
1261 1287 1396 1336 unde
1432 1288 1569 1337 filius
1607 1288 1717 1336 eius
1754 1285 1933 1334 simili·
2055 1297 2059 1326 ι

226 1363 314 1407 ter
349 1356 519 1421 potuit
551 1357 824 1426 appellari,
861 1358 1280 1424 quemadmodum
1317 1359 1481 1410 leonis
1519 1364 1576 1409 et
1612 1358 1730 1423 equi
1764 1356 1962 1422 pullos
2052 1407 2053 1410 ,

224 1431 348 1484 item
384 1428 560 1478 leones
610 1434 665 1478 et
713 1445 872 1495 equos
911 1431 1136 1480 solemus
1172 1431 1454 1496 appellare,
1493 1431 1591 1480 nisi
1616 1430 1758 1478 forte
1786 1443 1935 1477 mon·
2052 1438 2057 1497 3

224 1506 331 1550 stra
405 1504 521 1549 nata
567 1499 779 1554 fuerint.
864 1503 977 1566 Quo
1027 1503 1078 1551 in
1121 1517 1320 1567 ‘genere
1367 1502 1494 1552 nihil
1535 1501 1747 1561 *refert,
1817 1499 1934 1565 qui-

230 1573 325 1622 bus
361 1570 527 1620 literis
573 1577 727 1636 atque
773 1571 981 1638 syllabis
1019 1576 1210 1635 utaris,
1262 1579 1351 1623 aut
1397 1580 1567 1623 utrum
1604 1574 1805 1622 literam
1841 1571 1934 1619 ali-

231 1658 379 1709 quam
431 1642 584 1692 addas
632 1659 696 1692 an
739 1644 945 1705 demas,
989 1645 1144 1693 modo
1187 1646 1432 1710 cuiusque
1478 1647 1556 1694 rei
1604 1649 1781 1693 natura
1840 1657 1936 1707 per

228 1714 443 1764 nominis
492 1711 710 1763 formam
760 1717 1113 1781 rationemque
1163 1716 1493 1782 significetur.
1572 1715 1762 1780 Magna
1800 1715 1937 1763 enim

229 1785 318 1836 hic
351 1790 534 1851 regnat
570 1801 693 1835 usus
730 1785 942 1837 libertas
979 1793 1034 1836 et
1067 1789 1321 1850 varietas,
1369 1793 1429 1837 ut
1464 1803 1617 1852 quum
1653 1803 1743 1836 rex
1781 1787 1937 1835 etiam
2004 1787 2030 1803 ·’

232 1847 388 1926 ἆγες,
427 1857 548 1918 dux,
585 1857 965 1927 πολέμαρχος,
999 1860 1305 1924 imperator,
1342 1854 1664 1943 εὐπόλεμοςξ
1703 1859 1938 1922 belliger,

232 1926 669 1999 ἀκεσίμβροτος,
705 1929 973 1991 salutifer,
1010 1930 1322 1996 appellatur,
1361 1947 1490 1996 quae
1525 1931 1747 1981 nomina
1773 1930 1940 1979 omnia
2007 1970 2016 1978 „

235 2001 461 2066 quamvis
497 1999 694 2054 diversa
729 2005 901 2059 tamen
936 2003 985 2051 vi
1021 2007 1076 2052 et
1113 2003 1485 2068 significatione
1522 2018 1613 2052 sua
1656 2017 1940 2069 propemo-

233 2070 352 2122 dum
389 2071 523 2128 idem
559 2071 744 2128 valent.
816 2073 960 2139 Ergo
999 2074 1239 2140 quidquid
1278 2075 1552 2125 secundum
1588 2081 1816 2125 naturam
1853 2089 1938 2122 or-

231 2150 344 2194 tum
393 2153 796 2210 generatumque
845 2149 965 2206 est,
1019 2146 1157 2197 idem
1218 2160 1401 2200 nomen
1459 2146 1679 2211 accipiat
1722 2160 1940 2195 necesse

233 2220 337 2281 est,
373 2221 531 2282 atque
565 2214 709 2277 illud,
740 2216 875 2266 unde
913 2217 1071 2268 habet
1095 2218 1358 2284 originem.
1433 2218 1575 2282 Quae
1610 2222 1780 2269 autem
1817 2232 1940 2267 con-

230 2292 313 2338 tra
359 2293 590 2338 naturam
638 2290 945 2354 gignuntur,
989 2307 1019 2340 a
1062 2305 1283 2356 genere,
1317 2290 1414 2354 ⁴cui
1449 2295 1812 2351 accensentur,
1846 2302 1939 2338 no·-
2038 2346 2041 2351 ,

232 2359 464 2416 minanda
500 2363 635 2411 sunt.
706 2360 882 2410 Veluti
916 2362 992 2424 is,
1030 2362 1117 2426 qui
1152 2367 1352 2428 patrem
1388 2362 1547 2412 habet
1583 2363 1749 2427 pium,
1786 2375 1941 2425 quum
2035 2359 2040 2424 J'

232 2435 404 2487 tamen
447 2432 560 2495 ipse
607 2430 675 2487 sit
723 2431 941 2498 impius,
991 2449 1099 2483 non
1157 2438 1238 2486 est
1273 2433 1578 2484 Timotheus
1610 2431 1939 2485 nominandus

233 2501 329 2556 sed
362 2502 685 2553 Misotheus:
724 2503 1054 2571 degeneravit
1091 2506 1231 2556 enim
1257 2522 1288 2556 a
1333 2511 1563 2571 parente.
1636 2505 1770 2554 Hinc
1807 2504 1954 2553 Ore--
2032 2503 2037 2541 ἰ

233 2581 347 2624 stes
383 2575 445 2626 ab
483 2571 682 2644 ὀρεινῷ
717 2576 884 2635 dictus
924 2582 1036 2639 est,
1073 2577 1128 2630 h.
1173 2594 1220 2631 e.
1255 2579 1505 2642 agrestis,
1563 2583 1782 2643 propter
1826 2577 1940 2624 ani-
2033 2583 2037 2624 ,’

231 2644 307 2704 mi
339 2647 420 2696 sui
468 2645 725 2703 duritiem.
799 2648 932 2699 Item
968 2651 1313 2715 Agamemnon
1366 2650 1427 2700 ab
1477 2642 1721 2715 ἅγαστος
1767 2651 1825 2698 ὲν
1860 2644 1942 2712 τῷ

231 2720 446 2784 μένειν,
485 2719 602 2782 quia
638 2720 690 2769 in
728 2721 954 2776 consiliis
996 2721 1160 2771 semel
1196 2722 1363 2786 captis
1398 2722 1603 2771 nimium
1638 2734 1940 2787 persevera-

232 2790 339 2845 bat.
412 2785 602 2847 Similis
638 2792 773 2841 ratio
807 2797 891 2842 est
925 2795 1181 2846 nominum
1215 2794 1391 2854 Atrei,
1438 2792 1679 2858 Pelopis,
1718 2790 1941 2851 Tantali,

232 2861 466 2911 aliorum.
538 2862 671 2925 Quid
707 2863 841 2926 quod
879 2866 1034 2915 etiam
1068 2865 1277 2915 deorum
1317 2866 1517 2918 nomina
1553 2879 1616 2916 ex
1638 2865 1734 2914 hac
1762 2864 1941 2912 obser-

232 2933 437 2984 vatione
485 2949 627 2988 suam
674 2934 867 2985 habent
885 2937 1305 3019 explicationem.
1391 2936 1518 2987 Nam
1557 2952 1780 2986 summus
1816 2934 1941 2982 deo-

233 3020 349 3060 rum
405 3003 540 3069 quod
590 3005 742 3057 modo
797 3000 932 3067 Ζευς
974 3009 1125 3063 modo
1174 3006 1272 3068 Δὶς
1320 3007 1634 3073 appellatur,
1672 3012 1945 3068 utrumque

231 3091 421 3132 nomen
458 3078 509 3125 in
545 3092 698 3132 unum
738 3079 1058 3134 coniunctum
1095 3096 1276 3135 numen
1314 3082 1423 3129 eius
1462 3083 1614 3142 atque
1657 3080 1754 3127 vim
1794 3092 1943 3142 egre-

233 3148 324 3230 gie
360 3147 616 3201 illustrat:
665 3155 885 3215 apparet
921 3152 1054 3207 enim
1090 3169 1205 3202 eum
1240 3156 1473 3215 tanquam
1511 3152 1647 3200 sitae
1682 3154 1945 3198 auctorem

235 3212 331 3277 διὰ
371 3213 436 3270 τὸ
476 3218 572 3283 ζῆν
601 3220 674 3277 ita
710 3223 1019 3278 nominatum
1056 3239 1202 3285 esse,
1237 3227 1294 3271 ut
1330 3222 1427 3283 Δὶς
1462 3239 1492 3271 a
1530 3217 1642 3282 διά,
1681 3218 1813 3281 Ζεύς
1850 3236 1944 3267 au-
2004 3221 2007 3224 ’

235 3295 342 3340 tem
405 3304 437 3339 a
488 3291 586 3353 ζῆν
634 3293 914 3343 wleiivatum
960 3296 1045 3344 sit.
1136 3295 1297 3346 Porro
1338 3287 1592 3363 Κρόνος,
1629 3294 1771 3342 cuius
1807 3290 1945 3340 filius
2028 3315 2030 3318 ·

236 3368 320 3412 ost
358 3363 592 3427 Iupiter,
634 3364 801 3415 dictus
839 3370 921 3415 est
956 3383 987 3415 a
1023 3360 1221 3438 κόρος,
1264 3373 1479 3436 κυρεῖν,
1514 3365 1614 3415 hoc
1651 3369 1734 3415 est
1768 3380 1799 3414 a
1834 3377 1944 3412 ver-
