2066 3666
612 95 1244 154 an‘rYLth.
1634 105 1777 170 '19

231 248 302 298 Et
339 214 719 316 Hermogenem
767 243 968 314 quidem
1001 243 1151 306 quod
1189 259 1315 292 ιιιιιιε
1352 242 1608 312 Diogenes
1653 263 1779 315 per-

21 343 25 349 ·
87 320 232 371 hibet
267 320 495 372 Platonis
530 319 824 385 magistrum
858 315 1021 366 fuisse
1042 316 1229 365 ceteris
1254 316 1585 380 scriptoribus
1622 317 1688 370 de
1713 336 1773 374 ea

85 408 146 443 re
181 394 464 443 tacentibus
499 392 561 441 ad
595 399 748 439 uuum
784 386 1032 445 omnibuS,
1067 386 1117 437 id
1144 386 1383 450 piofecto
1419 404 1511 452 per
1546 407 1603 440 se
1628 391 1773 445 valde

84 475 379 529 suspectum
425 470 524 513 est.
610 461 734 525 Quis
776 460 911 508 euim
954 458 1052 508 sibi
1093 458 1396 527 persuadeat
1435 460 1770 517 Aristotelem

83 543 142 586 et
177 530 445 600 Apuleium
478 535 664 583 iniecta
698 530 893 594 cratyli
924 530 1182 579 mentione
1208 522 1335 578 nihil
1369 545 1431 579 ea
1467 531 1532 594 de
1571 550 1629 582 re
1664 553 1772 588 me-

83 608 277 658 moriae
311 606 474 655 fuisse
518 603 846 688 prodituros·²
915 600 1139 650 Multum
1175 605 1343 650 autem
1378 590 1592 667 augetur
1627 621 1771 658 erro-

82 680 155 728 ris
189 678 272 728 vel
306 676 500 725 fraudis
536 675 786 740 suspicio,
831 673 947 733 ubi,
994 672 1143 737 quale
1173 672 1391 723 hominis
1426 676 1681 740 ingenium
1719 683 1769 731 in

80 749 292 814 cratylo
316 747 639 806 informetur,
675 745 951 810 diligenter
973 744 1319 808 perpenderis.
1393 745 1623 810 Namque
1658 754 1766 802 tan-

79 820 402 879 tum-abest,
448 820 507 868 ut
555 818 644 868 ille
677 816 941 867 Eleaticae
973 815 1233 865 doctrinae
1266 817 1533 883 insiguiter
1568 822 1765 882 peritus

77 898 168 941 ant
202 890 461 942 studiosus
502 889 758 947 videatur,
809 892 868 936 ut
902 887 1028 937 nihil
1061 887 1366 952 profiteatur
1397 890 1494 939 nisi
1527 889 1768 955 1100,oe

76 962 343 1027 aliquando
405 962 526 1011 item
573 960 638 1009 ad
684 959 996 1023 Protagorae
1047 959 1293 1009 rationem
1348 959 1571 1013 delatum
1633 981 1768 1027 esse,

79 1050 213 1085 nunc
246 1040 415 1083 tamen
460 1049 573 1082 eam
616 1032 714 1082 sibi
744 1031 1074 1080 vehementer
1116 1031 1407 1096 improbari.
1452 1049 1499 1086 v
1545 1050 1594 1099 p
1638 1037 1763 1102 386.

76 1107 141 1156 Δ.
214 1105 491 1155 Praeterea
525 1104 680 1153 homo
728 1116 895 1166 neque
927 1103 1131 1168 ingenio
1179 1118 1347 1167 neque
1389 1103 1628 1156 doctrina
1679 1115 1765 1160 est

73 1178 406 1243 conspicuus,
457 1182 515 1225 ut
557 1174 929 1241 philosophiam
973 1175 1054 1223 vix
1098 1174 1404 1240 primoribus
1453 1176 1605 1228 labris
1642 1176 1766 1231 atti-

72 1250 214 1314 gisse
249 1246 605 1298 existimandus
641 1248 726 1297 sit
799 1245 1027 1310 Denique
1062 1249 1166 1299 tam
1193 1247 1353 1297 nobili
1385 1248 1502 1298 loco
1539 1249 1640 1301 fuit
1664 1269 1765 1319 na-

73 1326 187 1381 tus,
236 1327 296 1370 ut
342 1319 725 1383 haudquaquam
769 1319 837 1368 sit
884 1318 1158 1367 verisimile
1190 1333 1307 1369 eum
1341 1329 1557 1383 unquam
1592 1307 1766 1388 partes

72 1391 302 1458 magistri
345 1391 698 1457 philosophiae
756 1390 807 1440 in
866 1404 925 1439 se
974 1390 1326 1454 suscepisse.
1357 1390 1481 1442 Fuit
1521 1396 1656 1445 enim
1705 1413 1767 1447 ex

71 1470 228 1529 gente
275 1464 588 1513 nobilissima
634 1461 1032 1525 Hipponicorum
1086 1469 1143 1511 et
1185 1461 1454 1514 Galliarum
1505 1467 1766 1533 oriundus,—

68 1534 226 1585 sicuti
276 1535 485 1584 docebit
529 1534 788 1583 annotatio
823 1532 887 1582 ad
921 1547 972 1597 p.
1004 1531 1130 1585 884.
1166 1534 1229 1586 A.
1318 1533 1434 1585 Etsi
1478 1536 1634 1602 igiter
1686 1542 1765 1590 rei

66 1605 334 1655 familiaris
371 1605 696 1670 premebatur
729 1604 1005 1668 angustiis,
1059 1618 1089 1652 a
1138 1603 1301 1653 Callia
1337 1605 1528 1669 fratre,
1578 1616 1636 1658 ιιι
1688 1608 1762 1659 vi-

64 1676 238 1740 detur,
273 1677 575 1743 patrimonio
611 1689 705 1725 suo
740 1675 993 1739 privatus,
1029 1674 1096 1723 de
1131 1689 1230 1756 qua
1259 1691 1318 1727 re
1351 1692 1399 1727 v.
1438 1689 1486 1741 p
1523 1679 1646 1732 391
1683 1681 1761 1745 (3

66 1755 237 1800 tamen
269 1764 371 1799 non
406 1763 471 1799 eo
504 1747 706 1813 inopiae
740 1745 991 1796 redactus.
1011 1761 1133 1795 esse
1151 1746 1390 1809 videtur,
1443 1755 1499 1798 ιιι
1533 1721 1766 1818 magistri

62 1837 247 1872 munus
280 1822 380 1887 ipsi
412 1818 786 1884 suscipiendum
824 1817 1000 1872 fuerit.
1071 1817 1177 1867 lmo
1224 1834 1323 1884 ego
1359 1821 1407 1870 si
1437 1822 1558 1884 quid
1594 1826 1761 1886 video,

64 1894 180 1958 ipse
230 1900 326 1958 pro
373 1902 516 1941 more
558 1890 694 1940 illius
730 1890 916 1938 aetatis
952 1888 1199 1953 sophistis
1244 1903 1450 1956 operam
1489 1889 1658 1958 dedit,
1704 1904 1764 1948 ιιι

67 1965 202 2015 bene
257 1963 639 2025 liberaliterque
697 1960 924 2010 eruditus
979 1960 1273 2011 haberetur.
1368 1963 1616 2027 Quoniam
1673 1986 1763 2027 au-

64 2043 176 2087 tem
212 2051 246 2085 a
277 2035 590 2100 Protagorae
624 2033 821 2083 ratione
857 2031 1196 2090 abhorrebat
1248 2049 1348 2084 non
1389 2039 1765 2089 assentiebatur

45 2121 242 2158 -eorum
279 2106 528 2172 opinioni,
563 2105 651 2168 qui
685 2104 886 2153 nomina
919 2104 1085 2153 omnia
1117 2105 1312 2155 vellent
1347 2121 1465 2156 esse
1501 2112 1765 2175 naturalia,

62 2178 160 2231 sed
221 2180 392 2245 potius
456 2177 764 2226 contrariam
827 2174 1136 2224 defendebat
1194 2179 1526 2240 sententiam,
1588 2183 1764 2233 nescio

62 2252 211 2302 cuius
254 2250 518 2315 sophistae
562 2249 920 2298 auctoritatem
971 2252 1198 2298 secutus.
1272 2247 1413 2300 Fieri
1459 2258 1628 2303 tamen
1668 2269 1760 2321 po-

62 2329 201 2383 test,
246 2322 300 2372 id
345 2321 481 2386 quod
526 2321 625 2370 iam
666 2324 817 2369 antea
852 2319 1157 2384 significan,
1206 2326 1264 2370 ιιι
1301 2320 1397 2371 hac
1434 2322 1498 2372 de
1535 2341 1595 2374 re
1631 2325 1761 2388 Pro-

63 2393 167 2444 dici
206 2394 468 2459 amplexus
516 2391 754 2441 iudicium
793 2392 875 2442 sit.
950 2390 1004 2439 ld
1042 2390 1175 2455 quod
1214 2408 1278 2441 ex
1315 2408 1379 2442 eo
1414 2397 1661 2461 suspicari
1697 2400 1758 2449 li-

65 2471 181 2526 cet,
216 2465 352 2530 quod
387 2464 626 2515 Socrates
663 2465 712 2512 ei
747 2465 973 2529 roganti,
1025 2470 1082 2512 ut
1127 2464 1291 2529 ipsum
1326 2465 1451 2516 velit
1485 2483 1579 2518 suo
1616 2470 1758 2530 adiu-

65 2552 187 2587 vare
233 2536 476 2596 consilio·
527 2534 805 2600 respondet
870 2551 928 2585 se
979 2549 1077 2584 non
1126 2537 1518 2599 pretiosioribus
1564 2541 1781 2599 εοΙιοΙῘς-

64 2608 272 2660 Prodici
307 2607 635 2670 interfuisse,
680 2607 772 2657 sed
819 2607 983 2656 viliori
1025 2611 1218 2657 tantum
1251 2610 1419 2673 pretio
1457 2626 1571 2661 eum
1609 2614 1758 2664 audi—

64 2682 203 2731 visse
229 2680 579 2734 disserentem.
648 2670 778 2729 Nam
812 2680 883 2729 ita
905 2679 992 2728 ille
1027 2679 1205 2729 eadem
1233 2695 1388 2746 opera
1414 2688 1469 2733 et
1501 2700 1641 2734 suam
1680 2688 1758 2751 ip-

63 2754 172 2804 sius
232 2751 528 2817 sapientiam
579 2750 764 2800 callide
820 2752 982 2809 celat,
1046 2756 1101 2799 et
1148 2751 1526 2818 Hermogenem
1583 2757 1757 2813 facete

61 2825 262 2891 pungit,
298 2830 356 2874 ut
389 2821 477 2887 qui
508 2837 572 2873 ex
602 2822 866 2888 sophistae
901 2821 1237 2884 institutione,
1275 2825 1394 2888 quid
1433 2826 1498 2877 de
1535 2844 1591 2878 re
1629 2842 1756 2879 con-

66 2905 296 2947 traversa
331 2894 537 2948 iudicari
572 2900 829 2959 oporteat,
879 2893 1169 2959 perdiscere
1199 2899 1442 2961 potuerit.
1516 2900 1617 2950 Sed
1655 2902 1756 2953 hoc·

64 2975 321 3032 utcunque
356 2983 415 3016 se
451 2965 622 3029 habet,
658 2966 784 3015 illud
819 2966 1020 3030 quidem
1057 2972 1252 3017 certum
1278 2984 1397 3020 esse
1432 2972 1753 3033 arbitramur,

66 3054 182 3089 eum
219 3054 247 3088 a
288 3038 502 3087 Platone
547 3037 598 3087 in
647 3037 746 3088 hoc
795 3037 924 3088 libro
972 3038 1087 3087 ideo
1133 3039 1347 3089 maxime
1393 3045 1757 3111 cnmfilratyio

62 3110 404 3175 disputantem
444 3108 638 3170 induci,
685 3109 802 3173 quia
837 3110 1135 3159 contrariam
1183 3117 1336 3173 atque
1386 3113 1469 3163 hic
1506 3114 1572 3165 de
1608 3132 1755 3167 voca-

66 3183 299 3234 bulorum
346 3181 540 3247 origine
577 3182 876 3231 sententiam
910 3181 1219 3231 defendebat
1254 3199 1367 3233 cum
1405 3200 1569 3249 coque
1608 3186 1755 3239 fami-

62 3253 301 3305 lisritatis
348 3260 403 3302 et
438 3252 685 3303 amicitiae
719 3254 1091 3303 necessitudine
1129 3255 1424 3306 coniunctus
1460 3259 1672 3311 vivebat.
1710 3277 1756 3311 v.

62 3324 255 3393 cratyl.
303 3332 428 3378 extr.
515 3323 663 3389 Quod
719 3319 879 3393 igitur⁴
921 3324 1175 3407 Diogenes
1232 3342 1347 3379 eum
1403 3336 1573 3394 narrat
1634 3331 1757 3385 olim

291 3408 293 3411 ,
1181 3410 1216 3461 2
1255 3412 1281 3445 α
