2066 3666
304 104 372 155 18
946 92 1348 147 PLA'roNis

313 256 556 313 perverse
590 240 738 291 iatam
775 248 936 291 artem
973 258 1109 292 suam
1146 255 1389 291 exercere
1416 240 1629 288 soleant.
1702 241 1809 303 Qua
1849 241 1899 289 in
1936 255 1994 287 re

315 331 439 383 prae
474 313 970 378 ceteris-diligenter
1000 312 1270 363 notandum
1309 317 1387 360 est
1419 310 1570 370 illud,
1606 312 1738 375 qnod
1775 312 2017 377 origine--

316 389 484 437 tiones
512 385 865 442 vocabulorum
902 385 963 432 ab
998 385 1211 434 Homeri
1247 383 1551 432 auctoritate
1579 383 1836 445 repetitae
1869 381 1995 431 adeo

318 459 529 523 copiose
575 458 997 520 perstringuntur.
1068 455 1195 504 Nam
1235 455 1334 503 hoc
1367 455 1534 519 ipsum
1571 454 1750 517 insigni
1789 458 1868 502 est
1904 454 1994 501 do-
2062 502 2066 518 ἶ

317 531 554 579 cumento
590 526 931 590 Protagoreos
969 542 1086 576 esse
1123 527 1205 591 qui
1241 527 1290 574 in
1315 524 1521 590 cratylo
1547 523 1823 573 rideantur.
1861 523 1995 572 Con-
2063 525 2066 586 s

319 605 425 652 stat
459 599 591 648 enim
630 613 690 645 ex
726 598 1015 646 Theaeteto
1052 615 1100 663 p.
1141 598 1260 646 179.
1295 597 1355 648 Ε.
1390 603 1451 645 'et
1491 612 1540 660 p.
1573 595 1708 650 ⁴152.
1756 597 1819 647 Β).
1871 595 1998 643 Pro-

319 677 532 737 tagorae
578 669 888 733 discipulos,
937 684 1036 732 quo
1086 669 1326 718 maiorem
1375 668 1559 716 rationi
1578 682 1723 720 <suae
1757 664 2003 727 concilia-

318 748 437 794 rent
470 740 624 789 fidem
663 745 716 787 et
750 741 1138 801 auctoritatem,
1176 741 1327 788 etiam
1361 734 1656 787 Homerum'
1677 739 1917 787 statuisse
1952 739 2005 786 in
2060 742 2066 799 ζ

321 830 384 864 ea
419 812 583 862 fuisse
620 813 896 871 sententia,
955 816 1011 859 ut
1047 813 1210 860 omnia
1246 812 1406 859 fluere
1446 815 1700 874 perpetuo
1737 815 1791 857 et
1828 809 2007 873 agitari
2060 801 2062 805 ’

320 885 644 935 existimaret.
719 885 1040 946 Qiizipropter
1086 882 1160 931 illi
1193 882 1378 931 ibidem
1418 898 1444 929 a
1482 880 1695 930 Platone
1744 880 2008 944 appellan-
2060 895 2066 958 ᾖ

320 962 407 1006 tur
442 954 701 1004 Homerei.
771 953 902 1016 Quid
937 954 1126 1018 igitur?
1163 954 1246 1018 qui
1280 954 1350 1002 ita
1385 953 1684 1012 sentiebant,
1721 967 1878 1000 eosne
1915 968 2009 1016 pu-

322 1027 542 1077 tabimus
596 1025 745 1072 etiam
797 1024 895 1073 hoc
946 1026 1148 1088 egisse,
1204 1029 1260 1072 ut
1301 1025 1567 1072 verborum
1619 1023 2011 1072 Homericorum
2060 1019 2062 1022 ’

321 1096 741 1160 interpretatione
777 1095 840 1143 ad
875 1095 1108 1144 tuendam
1148 1096 1447 1143 sententiam
1479 1111 1618 1143 suam
1646 1088 2011 1144 abuterentur?-

324 1167 432 1218 Imo
467 1182 589 1214 vero
635 1166 734 1214 hoc
770 1167 842 1214 ita
879 1173 958 1215 est
991 1167 1293 1225 i‘erisimile,
1349 1171 1403 1213 ut
1444 1166 1579 1214 ultra
1615 1165 2011 1215 verisimilitudi-
2059 1163 2063 1199 ἓ

275 1241 281 1243 ”
324 1239 403 1289 nis
454 1237 697 1287 terminos
748 1237 1041 1301 longissime
1090 1232 1322 1287 excurrat
1366 1242 1420 1295 et
1456 1251 1547 1300 pro
1601 1242 1747 1286 certo
1783 1237 2014 1301 explora-
2058 1266 2066 1302 ς,

285 1366 288 1370 ,
323 1315 484 1375 toque
518 1308 799 1357 habendum
837 1309 1079 1362 videatur.
1947 1308 1954 1310 ’
2056 1307 2063 1332 ”

467 1453 546 1507 Ita
591 1451 747 1516 igitur
781 1457 1015 1517 quantum
1051 1453 1166 1503 fieri
1205 1452 1374 1518 potuit
1411 1451 1737 1516 exquisivisse
1772 1449 2041 1509 videmur,-

326 1526 528 1592 quinam
561 1525 647 1573 isti
683 1523 913 1573 homines
951 1525 1171 1586 suerint,
1222 1540 1349 1589 quos
1384 1518 1668 1586 Platohoc
1703 1519 1838 1572 libro
1873 1536 2046 1580 acer-2

325 1597 535 1647 bissimo
583 1595 690 1644 sale
733 1595 1081 1658 perfricandos
1111 1597 1322 1644 statuit.
1409 1594 1679 1659 Sequitur,
1728 1600 1784 1642 ut
1838 1591 2018 1641 dicen-
2065 1652 2066 1658 ἵ

328 1668 445 1718 duim
497 1668 564 1715 sit
613 1665 676 1714 de
713 1666 1190 1726 interlocutoribus,
1238 1667 1321 1730 qui
1370 1681 1482 1714 cum
1521 1665 1734 1714 Socrate
1771 1664 1835 1712 de
1871 1665 2066 1714 voca-NJ

325 1740 560 1790 bulorum
614 1737 948 1801 originatione
995 1738 1204 1801 eiusque
1256 1739 1305 1785 in
1355 1736 1678 1800 philosophia
1712 1753 1806 1784 usu
1854 1735 2060 1785 disse-,t

326 1814 501 1863 rentes
549 1808 864 1859 inducuntur.
937 1809 1078 1871 Quae
1126 1807 1326 1872 quidem
1372 1809 1604 1871 qua-estio
1661 1823 1724 1855 eo
1773 1804 2059 1871 gravioris}

325 1880 571 1932 momenti
607 1884 716 1939 est,
769 1879 902 1943 quod
948 1881 1150 1942 antiqua
1189 1886 1271 1927 est
1305 1877 1441 1927 fama
1476 1881 1531 1927 et
1564 1878 1625 1926 ad
1664 1883 1889 1927 nostram
1925 1895 2013 1926 us-
2051 1874 2059 1930 :l

326 1969 426 2019 que
464 1951 756 2001 memoriam
791 1945 1088 2014 pervagata,
1139 1949 1404 1999 Platonem
1437 1954 1655 2014 utroque
1703 1953 1757 1998 et
1792 1948 2014 1998 Hermo-
2052 1945 2056 1951 ’

300 2038 459 2090 νςεηθ
505 2026 566 2071 et
617 2021 825 2086 Cratylo
888 2023 1128 2085 magistro
1178 2022 1236 2070 >in
1296 2019 1617 2085 philosophia
1673 2037 1818 2074 usum
1877 2037 2047 2073 esse..

323 2095 453 2146 Nam
491 2092 698 2159 Cratylo
734 2108 850 2141 eum
885 2094 1093 2157 primam
1119 2092 1446 2142 Heracliteae
1473 2093 1746 2156 sapientiae
1783 2094 2016 2155 notitiam

326 2172 585 2231 acceptam
627 2164 870 2214 retulisse
920 2165 1148 2213 scribunt
1181 2164 1603 2213 Aristoteles
1640 2163 1933 2228 Metaphys.
1971 2164 2008 2212 Ι.

325 2240 376 2288 6.
414 2237 747 2302 Apuleius
792 2235 868 2284 De
905 2235 1084 2301 Dogm.
1121 2235 1251 2288 Plat.
1295 2251 1343 2298 p.
1373 2235 1432 2285 ¹2.
1471 2234 1552 2287 ed.
1587 2234 1721 2284 Elm.
1762 2235 2009 2300 Dioge-

326 2325 440 2359 nes
478 2309 683 2360 Laert.
731 2307 819 2360 111.
870 2308 921 2360 6.
960 2306 1470 2372 olympiodorus
1508 2305 1615 2358 Vit.
1668 2306 1797 2356 Plat.
1835 2322 1882 2370 p.
1921 2308 2017 2368 79.

327 2381 407 2430 ed.
443 2380 674 2431 Fischer.
720 2384 775 2429 et
809 2379 1174 2444 Anonymus
1219 2379 1270 2426 in
1319 2376 1643 2426 Heerenii
1690 2378 2009 2427 Bibliotheca
2046 2431 2049 2437 ¹

324 2452 480 2517 antiq.
529 2454 640 2502 Art.
695 2456 748 2500 et
790 2448 1004 2502 Literat.
1040 2450 1177 2501 Part.
1225 2449 1287 2500 V.
1326 2464 1374 2513 p.
1414 2449 1523 2509 13„
1570 2464 1631 2498 ex
1678 2450 1857 2513 quibus
1892 2450 2008 2498 Ari-

323 2524 541 2573 stoteles
581 2528 635 2572 et
670 2522 912 2586 Apuleius
951 2538 1065 2571 eum
1100 2528 1301 2571 narrant
1335 2522 1434 2569 iam
1478 2524 1744 2585 antequam
1781 2520 2008 2570 Socratis

323 2600 557 2645 uteretur
604 2595 920 2643 institutione
967 2597 1085 2642 cum'
1128 2594 1217 2643 illo
1262 2596 1612 2641 conversatum
1649 2606 1791 2652 esse,
1828 2594 2005 2642 ceteri

322 2666 375 2716 id
422 2668 676 2731 aliquanto
726 2671 844 2729 post
898 2666 1143 2715 accidisse
1189 2664 1376 2714 volunt.
1459 2662 1771 2728 Hermogeni
1818 2670 2005 2724 autem,

323 2754 471 2803 quem
508 2737 781 2787 Proclus
832 2751 880 2799 p.
925 2736 976 2784 5.
1027 2738 1105 2788 ed.
1145 2736 1378 2786 Boisson.
1431 2739 1578 2784 vocat
1613 2729 2004 2800 ΣΣωκρατικόν,
2039 2728 2049 2794 ᾏ

319 2810 561 2860 debuisse
614 2826 725 2858 eum
774 2808 1036 2857 Eleaticae
1083 2810 1292 2858 rationis
1330 2808 1668 2870 cognitionem
1706 2811 1883 2855 auctor
1920 2813 2002 2856 est

317 2880 651 2947 Diogenes
698 2881 911 2929 Laert.
951 2880 1032 2929 ΙΙΙ.
1071 2881 1121 2929 6.
1194 2879 1442 2942 Quocirca
1477 2878 1753 2942 diligenter
1788 2883 1870 2927 est
1909 2893 2002 2926 ex-

314 2953 626 3016 plorandum,
661 2952 782 3017 quid
818 2953 923 3001 veri
959 2951 1053 3000 hac
1087 2952 1371 3001 narratione
1407 2950 1740 3008 contineatur,
1781 2955 1835 2998 et
1872 2966 2000 3013 quae
2037 2965 2048 3037 ἒ

312 3023 536 3074 ΡΙειῐοηί,
574 3041 685 3075 cum
745 3021 826 3073 his
890 3024 1172 3072 hominibus
1237 3021 1559 3071 necessitudo
1625 3022 1994 3070 intercesserit.
2036 3039 2048 3086 η

309 3096 436 3146 Nam
474 3097 656 3147 mirum
693 3093 930 3159 profecto
965 3095 1168 3154 accidit,
1213 3088 1344 3158 quod
1381 3087 1620 3152 eosdem,
1666 3093 1843 3155 quibus
1879 3107 1988 3140 ma«

307 3168 482 3231 gistris
530 3185 648 3219 usus
698 3181 816 3216 esse
863 3167 1056 3228 fertur,
1106 3166 1175 3215 ita
1222 3166 1273 3214 in
1322 3164 1421 3213 hoe
1469 3178 1624 3227 opere
1672 3163 1865 3214 induxit
1911 3163 1988 3211 lo-

306 3246 546 3300 quenteS,
594 3246 649 3289 ut
697 3239 914 3288 alterum
968 3242 1144 3302 argute
1189 3235 1518 3294 refutaverit,
1569 3236 1784 3286 alterum
1833 3235 1984 3286 etiam
2042 3275 2044 3285 Α

303 3309 470 3361 faceta
505 3317 558 3362 et
594 3311 802 3363 ioculari
839 3310 1117 3360 imitatione
1151 3308 1322 3360 riserit
1361 3312 1416 3357 et
1451 3306 1742 3373 exploserit.
