2066 3666
256 172 364 226 178
895 164 1311 219 PLATONIS

258 313 390 363 citur
424 313 480 360 'et
505 310 781 361 servatur?
853 309 949 361 cni
974 309 1302 361 adolescens:
1338 308 1485 362 Fieri.
1517 309 1621 363 hoc
1655 311 1728 363 ita
1757 317 1957 380 potest,

257 386 305 436 si
338 383 554 448 quisque
589 383 769 432 civium
805 398 896 432 sua
930 383 1136 447 negotia
1154 386 1359 432 tractat.
1431 382 1541 434 Sed
1577 400 1644 433 ne
1678 385 1808 435 hanc
1846 387 1957 452 qui·

257 456 379 506 dem
417 455 802 520 responsionem
852 453 1091 503 Socrates
1137 453 1446 519 probandam
1497 456 1786 518 existimat,
1833 473 1959 523 pro·

255 532 444 594 pterea
479 526 613 592 quod
647 526 734 575 ubi
768 540 858 573 sua
894 526 1107 589 quisque
1141 526 1347 591 negotia
1382 531 1523 591 agat,
1559 527 1812 576 dissensio
1838 544 1956 578 nas-

258 604 405 648 catur
446 605 600 662 atque
643 596 910 645 discordia.
995 595 1096 645 Hic
1144 611 1269 645 vero
1316 597 1612 648 Alcibiades
1655 614 1833 649 rursus
1891 614 1959 649 eo

258 669 505 719 deductus
541 673 640 729 est,
675 672 734 717 ut
772 682 914 715 suam
948 667 1063 732 ipse
1096 667 1434 732 ignorantiam
1469 670 1787 724 confiteatur.
1859 669 1958 720 So·

258 745 428 791 crates
473 745 640 790 tamen
685 754 802 788 eum
847 738 1177 800 cohortatur,
1223 755 1288 788 ne
1335 739 1400 788 de
1455 756 1514 790 se
1549 741 1817 806 desperet,
1864 742 1959 793 sed

259 814 434 879 potius
481 826 684 861 curam
732 813 912 875 gerat
959 811 1086 870 sui,
1145 809 1554 876 quandoquidem
1611 814 1684 862 ita
1727 813 1959 864 futurum

261 886 364 945 sit,
414 886 473 932 ut
516 897 645 948 quae
693 882 792 947 ipsi
838 879 1008 932 desint
1042 883 1242 947 possint
1274 882 1544 949 aliquando
1579 883 1771 935 addisci
1805 890 1960 950 atque

259 955 546 1021 comparari
578 949 661 1022 *).

402 1025 738 1088 Posteaquam
771 1025 929 1091 igitur
962 1038 1078 1076 eum
1109 1040 1433 1077 commovere
1458 1026 1669 1093 studuit,
1705 1033 1765 1080 ut
1799 1026 1960 1096 porro

261 1114 439 1151 secum
480 1098 606 1147 velit
640 1096 901 1162 disputare
917 1132 936 1159 ,
981 1097 1188 1148 tandem
1232 1099 1334 1149 hoc
1367 1101 1685 1164 anquiritur,
1727 1103 1847 1167 quid
1889 1104 1961 1153 sit

262 1185 480 1221 curam
516 1184 759 1234 gerere
795 1170 912 1218 sui.
981 1167 1100 1219 Hoc
1134 1170 1269 1220 enim
1291 1170 1545 1236 explicato
1565 1172 1805 1224 Socrates
1841 1190 1960 1224 cau-

263 1258 349 1293 sas
382 1241 696 1307 ignorantiae
727 1240 878 1289 istius
916 1243 972 1289 et
1011 1241 1239 1290 remedia
1278 1242 1539 1294 inventum
1571 1245 1636 1293 iri
1669 1246 1962 1300 arbitratur.

212 1334 215 1340 -
259 1313 496 1363 Pertinet
529 1307 701 1362 autem
736 1327 857 1361 cura
891 1313 1193 1364 nostrinon
1228 1312 1292 1362 ad
1341 1329 1435 1376 ea,
1481 1329 1611 1379 quae
1657 1321 1833 1366 nostra
1866 1333 1961 1383 ap-

257 1386 536 1451 pellamus,
571 1384 730 1434 veluti
765 1384 829 1432 ad
861 1383 964 1444 illa,
1001 1399 1132 1447 quae
1167 1384 1403 1450 pedibus,
1440 1387 1684 1448 manibuS,
1721 1389 1958 1438 universo

258 1457 478 1522 denique
510 1455 717 1522 corpori
744 1459 862 1505 sunt
888 1456 1109 1520 propria.
1178 1455 1454 1515 Enimvero
1477 1460 1706 1523 corporis
1731 1461 1962 1511 membra

257 1533 437 1580 nostra
471 1528 674 1592 quidem
711 1532 857 1589 sunt,
900 1542 997 1577 nec
1032 1542 1155 1577 vero
1190 1533 1423 1579 naturam
1464 1535 1690 1580 nostram
1726 1531 1961 1583 efficiunt
2055 1558 2066 1600 ,2

257 1605 350 1651 aut
393 1600 677 1654 absolvunt.
760 1599 936 1664 Itaque
981 1604 1217 1663 accurate
1266 1601 1631 1666 exquirendum
1677 1607 1786 1665 est,
1847 1604 1958 1670 qui
2054 1594 2064 1639 3'

257 1672 666 1737 nosmetipsi
723 1672 927 1722 simus
993 1675 1060 1720 et
1104 1671 1267 1737 quid
1325 1673 1422 1722 sit
1470 1672 1665 1735 illud,
1719 1675 1783 1725 in
1831 1690 1957 1741 quo

257 1744 553 1795 hominis
599 1750 861 1804 natura,
920 1757 1084 1807 quae
1129 1742 1390 1793 dicitur
1433 1746 1745 1810 proprie,
1804 1762 1957 1796 cer-
2048 1742 2063 1782 ³?

257 1820 472 1880 natur.
540 1814 643 1865 Est
677 1819 849 1865 autem
883 1812 970 1874 id,
1012 1813 1148 1879 quod
1188 1829 1250 1863 re
1285 1816 1520 1881 quapiam
1561 1817 1743 1879 utitur,
1787 1816 1955 1869 diver-
2047 1836 2051 1859 r

260 1903 375 1938 sum
410 1888 472 1937 ab
509 1902 573 1937 eo
606 1887 740 1953 ipso,
779 1898 878 1951 quo
913 1885 1104 1946 utitur;
1137 1885 1238 1934 hoc
1276 1887 1412 1936 enim
1446 1890 1530 1936 est
1563 1888 1955 1941 instrumentum

259 1959 416 2020 illius,
439 1959 537 2024 ‘qui
574 1958 691 2023 quid
725 1957 867 2007 facit.
938 1955 1017 2006 Ex
1051 1971 1152 2022 quo
1187 1956 1434 2018 efficitur,
1470 1963 1530 2008 ut
1562 1974 1712 2010 omne
1745 1960 1815 2023 id,
1852 1976 1956 2028 quo
2035 1959 2042 1972 “

258 2030 414 2082 homo
447 2031 627 2092 utitur,
663 2045 764 2080 non
798 2029 914 2094 ipse
950 2028 1105 2078 homo
1142 2029 1228 2090 sit,
1264 2029 1358 2078 sed
1394 2029 1456 2078 ab
1495 2043 1560 2079 eo
1594 2029 1867 2083 diversum.
1935 2042 1938 2044 ’

400 2101 504 2152 lam
538 2116 661 2151 vero
696 2117 848 2167 quum
882 2100 1116 2165 corporis
1163 2101 1446 2150 ministerio
1489 2104 1720 2165 utamur,
1765 2119 1956 2170 corpus
2039 2137 2046 2148 ι

260 2173 464 2241 quidem
486 2178 701 2238 apparet
727 2172 920 2222 homini
956 2173 1168 2233 servire,
1203 2188 1302 2222 nec
1337 2171 1403 2221 ad
1435 2172 1545 2222 eius
1569 2179 1796 2225 naturam
1829 2191 1955 2241 pro·
2030 2223 2032 2227 .

253 2247 370 2311 prie
404 2247 679 2312 pertinere.
749 2243 882 2293 Nam
915 2241 1070 2292 homo
1103 2247 1192 2292 aut
1226 2245 1390 2292 animo
1427 2248 1657 2307 constat,
1703 2251 1791 2296 aut
1835 2263 1954 2298 cor-

253 2333 412 2382 pore,
467 2321 554 2368 aut
597 2322 818 2380 utroque
872 2316 925 2364 in
980 2330 1131 2364 unum
1178 2315 1465 2365 coniuncto.
1546 2317 1706 2382 Atqui
1760 2334 1951 2384 corpus
2023 2333 2029 2339 '

255 2389 458 2454 quidem
480 2392 677 2438 certum
715 2392 798 2437 est
830 2401 931 2436 non
966 2401 1084 2436 esse
1119 2386 1282 2451 ipsius
1304 2387 1523 2437 hominis
1558 2389 1658 2438 vim
1695 2392 1952 2441 naturam-
2032 2385 2040 2402 '⁴

254 2476 375 2524 que,
411 2465 686 2526 propterea
721 2457 856 2524 quod
894 2457 1046 2506 animi
1083 2457 1319 2523 imperio,
1348 2459 1579 2524 corporis
1605 2463 1812 2511 servitio
1848 2463 1950 2513 uti-
2032 2480 2034 2487 ·

252 2548 381 2582 mur.
452 2532 531 2581 Ex
566 2546 666 2597 quo
701 2531 813 2595 ipso
847 2528 973 2578 illud
998 2544 1199 2594 quoque
1230 2532 1573 2595 consequitur,
1607 2547 1708 2582 non
1732 2535 1951 2586 animum

253 2609 408 2669 atque
444 2617 628 2668 corpus
666 2601 815 2651 simul
850 2601 1064 2650 efficere
1098 2600 1315 2650 hominis
1348 2601 1644 2667 dignitatem
1697 2608 1752 2654 et
1797 2621 1948 2671 prae·
2027 2659 2035 2671 ‚

251 2676 504 2725 stantiam.
576 2673 901 2737 Relinquitur
935 2686 1080 2738 ergo,
1114 2688 1149 2721 ιι
1161 2676 1184 2721 t
1219 2674 1283 2721 in
1319 2687 1352 2720 ιι
1365 2689 1398 2722 ιι
1411 2688 1442 2722 o
1481 2690 1510 2722 a
1523 2675 1585 2724 ni
1598 2690 1648 2723 m
1661 2689 1692 2723 o
1728 2676 1785 2724 vi
1797 2693 1824 2725 ι·
1837 2676 1903 2727 fu
1919 2693 1948 2728 s
2029 2678 2031 2719 ἕ

252 2751 317 2796 et
351 2745 770 2812 praestantia
803 2744 1110 2794 humanae
1134 2748 1408 2793 naturae
1434 2761 1552 2809 qua
1569 2747 1812 2796 erenda
1833 2750 1946 2799 sit.

250 2818 430 2884 Itaque
464 2817 568 2877 illi,
619 2816 705 2880 qui
743 2817 976 2880 corporis
1013 2819 1101 2864 aut
1136 2830 1312 2864 eorum
1329 2852 1346 2875 ,
1399 2830 1528 2879 quae
1566 2817 1627 2866 ad
1660 2818 1783 2867 illud
1820 2835 1945 2885 per-

250 2891 443 2950 tinent,
490 2888 802 2946 divitiarum,
846 2887 1122 2947 honorum,
1174 2886 1558 2951 pulcritudiniS,
1606 2888 1815 2940 aliarum
1857 2907 1946 2941 re·
2016 2898 2029 2944 ,ἱ

250 2977 365 3012 rum
402 2960 670 3021 similium,
718 2973 890 3007 curam
936 2962 1147 3021 gerunt,
1194 2958 1239 3006 si
1284 2964 1519 3008 accurate
1551 2958 1819 3019 dicendum
1856 2963 1944 3026 sit,
2017 2947 2025 2998 ἶ

215 3047 351 3086 ,ιιοιι
402 3031 635 3082 videntur
683 3031 988 3094 semetipsos
1039 3042 1245 3090 curare,
1296 3029 1533 3095 ideoque·
1564 3047 1660 3080 nec
1704 3047 1826 3082 vera
1859 3049 1943 3085 sa·-

249 3104 438 3168 pientia
470 3101 709 3152 instructi
743 3116 887 3162 esse,
925 3114 1054 3164 quae
1091 3115 1152 3151 ex
1185 3115 1282 3148 una
1317 3101 1398 3150 sui
1432 3103 1724 3166 cognitione
1759 3104 1945 3169 oritur,
2031 3150 2033 3157 ,

249 3190 417 3241 neque
449 3175 514 3225 iis
548 3177 697 3224 recte
732 3175 909 3238 potest
931 3169 1166 3235 attribui,
1202 3171 1291 3237 qui
1322 3172 1448 3226 artis
1481 3174 1692 3227 alicuius
1725 3174 1790 3229 ad
1822 3190 1943 3229 cor·
2030 3218 2031 3222 1

302 3411 352 3467 ⁰..)
405 3414 456 3459 Ρ.
484 3413 583 3460 124.
612 3413 660 3457 Β.
688 3430 747 3448 -
778 3414 872 3455 12⁴1.
902 3414 957 3459 D.
