2066 3666
652 156 1284 218 an'rYLUS.
1723 163 1798 221 25

119 308 352 374 script.
408 308 471 359 Τ.
509 307 596 358 47.
629 323 683 373 p.
718 302 827 355 27⁷
858 317 970 369 sqq.
1008 308 1064 354 et
1099 302 1325 353 Geelii
1372 303 1571 362 Hister.
1604 305 1795 378 Sophi-

118 384 241 429 star.
283 396 334 447 p.
372 380 492 441 70„
534 394 679 442 qnam
716 380 860 426 certe
894 375 1105 426 aliorum
1141 373 1338 424 iudiciis
1375 376 1669 443 longissime
1702 398 1800 434 an-

117 453 421 516 teponimus.
505 449 581 500 Ex
628 464 727 515 quo
771 461 1086 512 consequeus
1138 451 1259 510 est,
1316 450 1375 495 ut
1429 448 1591 513 liber,
1648 454 1804 507 sicuti

117 522 495 588 EuthydemuS,
541 527 664 587 post
710 519 913 584 Olymp.
962 517 1132 582 xcu,
1179 518 1239 574 3..
1266 519 1489 589 scriptus
1527 524 1806 588 existImari

119 594 319 645 debeat.
404 593 557 643 Aliud
604 595 755 643 etiam
799 590 1046 655 temporis
1087 588 1324 639 indicium
1362 598 1444 641 est
1490 609 1542 658 p.
1578 595 1699 645 42⁰.
1740 598 1831 654 B.-

118 671 173 714 et
218 665 340 716 426.
393 663 486 727 C„
546 665 632 714 ubi
677 665 859 729 longae
903 661 1104 711 vocales
1152 660 1222 712 H
1253 666 1307 710 et
1340 658 1408 714 Ω.
1440 673 1824 733 memorantur‚'
1927 676 1936 694 ⁴

118 753 242 802 quas
290 743 486 786 constat
539 737 742 801 olymp.
787 732 982 794 xcw,
1029 732 1082 781 2.
1116 732 1209 781 sub
1245 731 1471 785 Euclidis
1507 738 1808 803 magistratu

117 808 319 873 publiea
373 809 678 858 auctoritate
723 812 962 870 receptas
1016 820 1147 856 esse.
1219 804 1511 874 Quanquam
1548 824 1647 875 ego
1682 810 1807 864 huic

116 879 303 929 indicio
340 894 440 930 non
476 886 580 928 tam
616 878 831 929 multum
868 877 1102 936 tribuam,
1138 891 1283 940 quam
1320 878 1417 927 viri
1454 879 1591 933 docti
1624 882 1808 932 volue-

116 960 250 1003 runt.
337 949 462 1000 Nam
514 966 610 1017 per
661 966 719 1000 se
768 964 1038 1013 sanequam
1085 948 1350 1012 probabile
1412 957 1494 1001 est
1543 952 1808 1020 literarum
1854 1006 1856 1009 ,

117 1022 316 1072 iliarum
355 1038 502 1073 usum
538 1023 771 1089 privatim
808 1021 1011 1086 quidem
1046 1019 1147 1069 iam
1194 1019 1447 1091 aliquanto
1484 1030 1605 1079 ante
1639 1026 1807 1076 Athe-

119 1095 197 1144 nis
244 1095 498 1160 viguisse,
551 1111 698 1160 quam
748 1094 951 1159 publice
1003 1090 1287 1142 sanciretur
1329 1098 1482 1158 atque
1529 1096 1591 1145 ad
1628 1113 1808 1148 monu-

117 1173 291 1216 menta
328 1166 531 1232 publiea
565 1167 938 1216 traduceretur.
1009 1163 1088 1213 De
1126 1179 1222 1229 qua
1258 1179 1315 1214 re
1357 1165 1471 1215 vide
1520 1184 1648 1232 quae
1685 1187 1811 1236 pru-

119 1238 301 1288 denter
344 1239 538 1288 monuit
585 1239 646 1290 A.
695 1237 1029 1288 Matthiae
1078 1235 1171 1285 Gr.
1220 1235 1390 1302 Ampl.
1440 1237 1503 1291 T.
1554 1240 1592 1294 l.
1632 1258 1681 1306 p.
1718 1242 1811 1300 22.

122 1316 294 1361 annot.
372 1308 516 1360 Fieri
561 1315 732 1359 autem
779 1314 989 1377 potest,
1037 1314 1096 1357 ut
1141 1306 1231 1375 ilia
1275 1307 1387 1373 ipsa
1422 1308 1600 1362 harum
1634 1314 1813 1368 litera-

118 1398 230 1431 rum
282 1383 516 1448 receptio
563 1398 733 1433 ansam
782 1381 985 1432 dederit
1022 1378 1447 1445 disputationibus
1484 1382 1549 1433 de
1586 1384 1814 1436 elemen-

121 1461 290 1503 torum
351 1461 407 1506 et
460 1454 816 1504 vocabulorum
878 1451 1073 1518 origine
1136 1451 1414 1502 studiosius
1463 1471 1612 1520 quam
1664 1464 1814 1510 antea

120 1524 383 1590 agitandis.
467 1525 616 1588 Quod
662 1526 706 1575 si
751 1526 824 1577 ita
867 1524 1076 1584 accidit.
1122 1522 1270 1573 Plato
1318 1523 1544 1577 fortasse
1579 1528 1675 1578 hac
1712 1545 1815 1596 op·-

120 1598 438 1662 portunitate
482 1613 605 1646 usus
636 1596 846 1646 *eodem
906 1603 1144 1660 tempore
1210 1594 1345 1644 hunc
1404 1597 1588 1648 librum
1648 1601 1817 1653 literis

122 1668 357 1722 exaravit.
397 1666 507 1717 Nec
533 1667 774 1734 profecto
798 1669 925 1716 haec
947 1665 1201 1716 sententia
1220 1665 1332 1714 aliis
1352 1666 1517 1733 iisque
1542 1664 1664 1721 satis
1690 1687 1816 1739 pro-

121 1739 371 1791 babilibus
387 1738 686 1791 destituitur
701 1740 996 1799 rationibus,
1023 1736 1270 1803 siquidem
1287 1737 1403 1803 ipso
1423 1740 1815 1809 libriargumen·

122 1819 181 1864 to
217 1827 317 1862 non
350 1811 677 1862 mediocriter
711 1811 1052 1862 confirmatur.
1126 1808 1253 1859 Nam
1277 1810 1410 1875 quod
1436 1812 1689 1885 Cratylns,
1729 1818 1816 1883 qui

122 1883 392 1935 Platonem
440 1882 820 1942 adolescentem
873 1884 925 1932 in
969 1881 1281 1936 Heracliteis
1316 1883 1540 1940 decretis
1579 1888 1819 1943 institue-

123 1960 237 2018 rat,
285 1956 336 2004 in
384 1954 485 2004 hoc
543 1954 674 2003 iibro
723 1956 797 2004 ita
855 1952 1139 2014 inducitur,
1195 1959 1255 2004 ut
1309 1955 1471 2020 ipsius
1529 1959 1819 2015 sententiae

123 2027 386 2078 Platonica
431 2026 662 2077 doctriua
710 2025 776 2077 de
819 2025 950 2076 ideis
1002 2026 1108 2075 sive
1144 2023 1211 2076 de
1255 2041 1425 2076 rerum
1462 2029 1509 2097 vi
1548 2035 1604 2083 et
1638 2037 1820 2088 natura

123 2115 221 2168 per
266 2114 325 2151 se
371 2104 667 2150 constanter
719 2103 1038 2166 opponatur,
1092 2094 1359 2151 admodum
1418 2106 1501 2151 est
1542 2102 1819 2157 verisimile

123 2169 489 2239 piniiosophum
534 2176 763 2221 nostrum
812 2176 919 2220 tum
962 2169 1211 2237 temporis
1268 2170 1486 2234 primum
1531 2173 1696 2239 palam
1743 2177 1817 2229 εί,

124 2242 468 2311 gnificavisse‚
505 2246 739 2307 quantam
775 2247 898 2309 post
934 2239 1160 2291 Socratis
1208 2241 1578 2296 institutionem
1621 2246 1820 2307 disces-

127 2316 325 2366 sionem
374 2313 574 2363 faceret
620 2313 683 2363 ab
731 2328 911 2364 eorum
956 2312 1303 2379 opinionibus,
1365 2316 1450 2380 qui
1496 2316 1622 2370 nihil
1668 2326 1818 2376 certo

126 2401 334 2437 manere
368 2392 424 2435 et
457 2390 721 2448 constare,
759 2386 924 2435 omnia
952 2389 1208 2452 perpetuo
1243 2386 1450 2437 flumine
1500 2390 1682 2456 agitari
1733 2409 1819 2445 ar..

130 2459 468 2519 bitrarentur,
517 2461 671 2525 atque
715 2456 780 2507 ob
828 2457 959 2507 hanc
1005 2457 1169 2526 ipsam
1213 2472 1415 2510 causam
1459 2461 1679 2524 pristino
1715 2477 1820 2528 ma}

131 2531 293 2596 gistro
327 2527 703 2580 interlocutoris
739 2534 913 2600 partes
943 2528 1254 2588 attribuisse.
1326 2531 1530 2584 Etenim
1577 2532 1820 2591 Socrates

133 2618 284 2668 quum
332 2599 562 2652 studiose
609 2601 661 2654 in
705 2614 769 2650 eo
816 2600 1138 2663 elaboraret,
1194 2606 1252 2652 ut
1298 2605 1534 2655 notiones
1579 2608 1820 2662 rimandis

135 2673 346 2739 singuiis
391 2687 561 2725 earum
596 2671 777 2722 formis
812 2678 868 2722 et
911 2673 1141 2738 partibus
1187 2678 1243 2724 et
1275 2675 1617 2729 invenirentur
1652 2688 1706 2735 et
1738 2680 1819 2738 in,

133 2753 313 2795 ventae
358 2743 761 2806 illustrarentur.)
809 2743 958 2793 Plato
1005 2746 1206 2812 cognita
1251 2747 1548 2804 Eleatarum
1593 2750 1661 2803 de
1696 2758 1820 2804 ente

133 2817 363 2868 doctrina
395 2816 582 2867 sensim
616 2831 676 2866 ac
713 2814 1032 2883 pedetentim
1067 2832 1132 2867 eo
1167 2817 1413 2870 adductus
1450 2826 1548 2882 est,
1583 2828 1642 2873 ut
1675 2839 1820 2879 men.

135 2890 204 2940 tia
240 2889 340 2939 iilis
378 2887 570 2939 notitiis
603 2887 704 2937 vim
739 2887 981 2956 quandam
1022 2894 1078 2939 et
1109 2884 1305 2944 οὐσίαν
1340 2907 1436 2959 per
1483 2909 1541 2946 se
1580 2888 1820 2948 constan-

135 2969 239 3012 tem
288 2960 501 3010 subesse
551 2958 799 3012 crederet.
871 2959 1021 3023 Quod
1069 2960 1268 3031 quidem
1302 2965 1400 3018 iam
1434 2970 1550 3016 ante
1592 2963 1821 3023 Socratis

140 3034 332 3083 obitum
358 3033 426 3082 ita
451 3030 694 3080 accidisse
729 3046 829 3083 non
863 3037 1061 3083 temere
1084 3034 1377 3101 suspiceris.
1399 3052 1443 3087 v.
1478 3036 1817 3106 Proiegomm.

137 3104 198 3153 ad
252 3104 379 3157 Piat.
427 3100 490 3154 T.
537 3101 574 3154 Ι.
617 3101 674 3156 Ρ.
733 3102 770 3152 Ι.
819 3118 872 3170 p.
908 3103 979 3154 lx
1016 3120 1126 3171 sqq.
1193 3105 1443 3170 Quocirca
1479 3109 1528 3158 in
1562 3108 1661 3158 hoc
1705 3126 1818 3162 ser-

139 3190 289 3226 mone
337 3182 393 3226 et
438 3174 486 3223 in
532 3172 857 3239 Euthydemo
900 3174 1124 3226 fortasse
1172 3179 1333 3243 prima
1392 3194 1552 3245 eaque
1595 3182 1817 3235 certiora

138 3249 464 3313 reperiuntur
497 3243 720 3297 idearum
757 3244 1015 3298 doctrinae
1050 3248 1293 3313 vestigia,
1334 3251 1532 3317 qnaiem
1581 3250 1817 3316 philoso-

139 3320 270 3383 phus
320 3327 502 3385 postea
549 3317 794 3382 temporis
838 3320 1037 3386 plenius
1084 3322 1468 3385 accuratiusque
1515 3322 1815 3381 informavit.

141 3392 265 3442 Nam
311 3393 360 3443 iu
408 3386 731 3455 mutiny-demo
780 3392 932 3446 etiam
978 3390 1224 3444 eiusmodi
1267 3394 1480 3462 vestigia
1529 3401 1726 3452 exstant
1760 3415 1813 3467 p.
1859 3464 1862 3468 ¹
