2040 3666
758 177 1228 232 LAchS.
1814 179 1853 229 5

141 318 345 371 videtur
380 335 530 383 esse,
579 317 717 388 quod
765 336 863 371 nec
897 320 948 381 in
986 320 1202 387 singulis
1247 320 1361 372 eius
1397 321 1629 387 partibus
1667 321 1852 386 depre-

139 391 417 456 henditur,
447 392 580 458 quod
616 409 646 442 a
679 393 774 442 viri
810 393 1062 457 ingenio„
1084 393 1332 453 doctriua,
1371 393 1626 442 scribendi
1662 409 1853 459 genere

141 464 362 515 alienum
411 480 531 515 esse
577 464 811 514 videatur
844 461 915 533 *).
989 465 1282 530 Quanquam
1335 465 1711 514 adolescentiae
1759 480 1849 513 ve-

142 536 294 602 stigia
352 537 404 585 in
460 551 525 586 eo
585 551 830 601 expressa
889 522 1031 585 derni
1086 536 1239 603 plane
1290 537 1435 585 nobis
1489 538 1851 601 persuasimus.
1885 569 1889 572 -

138 606 239 657 Est
263 607 396 656 enim
420 612 561 657 totus
587 606 899 668 Socraticus,
936 613 995 656 ut
1026 608 1078 657 in
1113 623 1213 673 quo
1239 623 1339 656 non
1377 613 1578 657 tautum
1618 608 1869 657 Socratis'

140 678 372 728 laudibus
403 685 731 729 consumatur
767 679 949 740 oratio,
980 679 1075 728 sed
1113 681 1266 729 etiam
1303 695 1381 740 ea,
1422 697 1551 745 quae
1580 680 1641 728 ad
1668 679 1881 728 consum

138 749 323 800 taudos
360 751 783 800 interlocutorum
822 767 1026 800 errores
1062 752 1340 816 pertinent,
1378 768 1439 800 ex
1478 753 1587 800 eius
1620 751 1852 800 doctrina

138 826 440 887 repetantur
468 818 571 892 **).
641 822 911 873 Accedunt
961 824 1210 872 sermonis
1262 822 1514 884 facilitas,
1563 824 1851 889 argumenti

36 955 43 960 ⁴
140 892 474 959 simplicitas,
517 894 616 944 alia
660 894 715 943 id
760 910 923 961 genus
972 895 1149 960 plura,
1211 911 1339 959 quae
1374 894 1569 944 ‘librum
1615 895 1849 944 imenilis

138 966 329 1030 ingenii
387 965 553 1016 fetum
614 982 730 1016 esse
791 966 926 1015 haud
994 967 1266 1020 obscurum
1323 966 1564 1016 indicium
1634 967 1845 1015 faciunt.

138 1037 392 1099 Quocirca
438 1053 534 1087 uec
583 1043 817 1103 putamus
883 1038 1262 1089 assentiendum
1325 1054 1442 1087 esse
1494 1039 1847 1091 Schle-ier-

140 1108 472 1170 machero,
521 1111 607 1176 qui
641 1111 692 1159 in
730 1109 952 1176 Praefat.
992 1110 1112 1160 huic
1160 1110 1292 1159 libro
1330 1112 1612 1175 praemissa
1651 1110 1769 1163 Vol.
1807 1108 1847 1160 Ι.

137 1178 197 1230 P.
234 1178 272 1233 1.
310 1197 363 1246 p.
398 1180 505 1231 321
545 1198 656 1247 sqq.
705 1181 985 1232 Lachetem
1034 1187 1212 1232 censet
1246 1181 1560 1248 Protagorae
1610 1188 1847 1248 tanquam

137 1253 472 1318 appendicem
521 1246 862 1317 accessisse,x
890 1255 1122 1320 quoniam
1174 1271 1304 1320 quae
1355 1256 1406 1305 iu
1454 1254 1604 1305 huius
1661 1254 1850 1320 dialogi

136 1330 288 1390 parte
325 1330 552 1375 extrema
598 1325 717 1376 inde
761 1343 791 1376 a
839 1343 954 1392 pag.
993 1326 1101 1376 348
1135 1325 1197 1377 D.
1252 1326 1453 1376 brevius
1510 1326 1849 1388 disseruntur,

138 1412 202 1446 ea
238 1396 376 1447 illius
413 1403 713 1463 argumento
763 1400 1084 1465 explicentur
1134 1398 1411 1464 copiosius,
1483 1398 1664 1464 Neque
1713 1399 1847 1447 enim

136 1467 342 1519 Laches
392 1484 508 1519 cum
554 1468 838 1537 Protagora
891 1469 954 1520 ad
1017 1471 1143 1520 artis
1193 1469 1569 1536 perfectionem
1635 1486 1848 1535 compa-

137 1539 326 1590 randus
363 1546 476 1602 est,
526 1546 582 1591 et
628 1542 742 1608 ipsa
777 1543 990 1592 materia
1025 1543 1076 1592 in
1112 1541 1395 1608 Protagora
1430 1547 1681 1592 tractatur
1718 1543 1843 1592 sub-

138 1611 284 1661 tilius
320 1616 475 1678 atque
509 1613 867 1676 artificiosiu8‚
920 1619 976 1663 ut
1011 1614 1061 1663 in
1101 1630 1200 1678 quo
1239 1630 1299 1663 ea
1336 1631 1450 1663 cum
1488 1615 1650 1664 altera
1687 1629 1845 1680 quae-

138 1684 310 1735 stione
333 1682 401 1733 de
423 1685 625 1734 virtutis
648 1687 842 1736 unitate
860 1687 1147 1735 arctissime
1170 1702 1393 1735 connexa
1411 1688 1477 1735 sit
1504 1694 1557 1736 et
1586 1687 1841 1752 colligata.

137 1753 320 1820 ltaque
392 1756 631 1822 equidem
695 1773 796 1808 uon
853 1758 1030 1807 dubito
1099 1763 1325 1807 statuere
1385 1757 1666 1808 Lachetem
1723 1763 1844 1807 ante

137 1825 474 1895 Protagoram
509 1828 679 1880 literis
722 1835 979 1880 exaratum
1030 1846 1180 1892 esse,
1223 1847 1504 1896 quanquam
1558 1847 1658 1896 quo
1707 1836 1844 1880 tem-.-

137 1914 271 1966 pore
318 1900 588 1951 confectus
643 1902 739 1965 sit,
804 1903 997 1953 certius
1045 1901 1247 1952 definiri
1292 1918 1393 1952 uon
1440 1908 1631 1968 potest.
1728 1902 1844 1953 Nisi

137 1971 283 2039 fqrte
315 1971 506 2037 aliquid
551 1973 615 2023 ad
651 1990 766 2023 eam
812 1991 923 2024 rem
958 1974 1155 2025 faciunt
1199 1991 1327 2040 quae
1365 1974 1536 2024 Praef.
1576 1975 1637 2025 ad
1678 1974 1846 2024 Char-

134 2042 326 2094 midem
391 2043 788 2110 disputavimu83
841 2062 956 2096 nam
1020 2063 1137 2096 cum
1186 2046 1288 2096 hoc
1348 2060 1586 2097 sermone
1629 2046 1847 2096 Lacheti

43 2119 48 2123 ’
135 2129 318 2182 magua
353 2130 476 2166 saue
512 2121 569 2167 et
603 2119 889 2183 argumenti
925 2122 981 2168 et
1003 2118 1203 2168 consilii
1240 2119 1519 2168 similitudo
1554 2118 1847 2171 intercedit.

20 2406 21 2409 γ
38 2322 57 2418 ὲ*

73 2229 80 2233 .
134 2184 267 2238 lund
314 2190 485 2238 tamen
531 2189 870 2255 probabiliter
911 2191 1178 2252 coniicias,
1232 2189 1567 2258 Protagoram
1618 2208 1719 2242 non
1773 2192 1846 2242 ita

32 2285 43 2293 ·
129 2259 300 2311 'multo
335 2265 459 2325 post
490 2258 772 2311 Lachetem
809 2262 862 2311 in
905 2261 1072 2311 lucem
1110 2262 1382 2328 prodiisse.
1457 2263 1587 2314 Nam
1625 2280 1755 2330 quae
1793 2264 1846 2315 in

136 2330 241 2382 hoc
274 2330 410 2382 libro
445 2330 633 2383 lexiter
666 2338 863 2383 tantum
902 2338 957 2384 et
989 2335 1148 2395 veluti
1186 2351 1282 2401 per
1325 2336 1647 2387 occasionem
1688 2337 1847 2386 attin·

34 2435 49 2478 ἕ
138 2403 281 2470 gitur
316 2405 549 2469 quaestio
586 2404 653 2454 de
686 2406 930 2455 virtutum
966 2408 1188 2468 unitate,
1242 2408 1292 2456 in
1331 2407 1421 2455 illo
1464 2413 1715 2459 tractatur
1751 2423 1844 2458 co-

20 2486 48 2538 ..¹
85 2550 89 2553 ι
137 2476 338 2544 pionius
371 2481 426 2526 et
460 2476 509 2526 in
547 2478 709 2527 varias
747 2486 923 2543 partes
961 2478 1278 2544 disceptatur
1298 2475 1430 2546 ***).

281 2546 388 2599 Sed
423 2549 763 2614 quotacitius
801 2550 1117 2616 intelligatur
1153 2552 1215 2601 ab
1268 2552 1529 2613 omnibus,
1577 2567 1678 2619 quo
1732 2551 1848 2601 iure

39 2659 49 2682 ·.
137 2616 212 2670 ita
247 2616 315 2670 de
359 2619 479 2670 libri
525 2617 828 2687 argumento
867 2626 923 2672 et
957 2624 1230 2689 proposito
1268 2628 1587 2687 statuamus.
1634 2623 1849 2674 subiun-

39 2718 46 2749 τ
138 2706 268 2759 gere
308 2691 487 2759 placet
532 2693 743 2746 brevem
790 2694 902 2747 eius
952 2696 1324 2748 enarrationem
1341 2731 1358 2759 ,
1406 2711 1470 2747 ex
1505 2713 1605 2766 qua
1638 2695 1851 2764 perspi-

1499 2887 1522 2920 N

195 2984 226 3015 ο

229 2987 254 3042 '
309 2985 1855 3100 3332512?·.¹.’;2.'.‘.‘.⁸.:.‘..?:.‘¹‚¹:1;„¹.’¹:1222ssti?.·¹=t¹.;.¹:-‚t:}⁶..¹::

312 3102 416 3156 bui,
455 3115 508 3145 ea
545 3116 812 3158 magnopere
848 3118 1009 3148 vereor
1046 3112 1097 3149 ut
1142 3109 1278 3149 ullum
1308 3113 1573 3149 momentum
1600 3109 1768 3148 faciant
1797 3107 1855 3148 ad

312 3160 385 3214 ta,
429 3162 554 3202 euius
589 3175 728 3204 uuna
766 3164 991 3215 disputata
1026 3169 1148 3207 eunt.
1212 3169 1363 3217 ltaque
1402 3179 1453 3205 ea
1490 3166 1637 3207 licebit
1673 3165 1855 3208 silentio

311 3221 635 3263 transmittere:
669 3233 811 3274 pauca
838 3222 1048 3274 quaedam
1076 3224 1127 3265 tu
1158 3222 1491 3267 commentarii·
1514 3224 1798 3278 attingemus.

168 3298 257 3360 ⁸⁸)
311 3304 367 3349 V.
396 3305 642 3360 xenopB.
670 3309 803 3353 nem.
831 3309 907 3351 tv.
935 3314 980 3351 6.
1007 3309 1050 3362 fl.
1085 3312 1152 3352 10.
1180 3311 1227 3351 et
1254 3311 1313 3353 u.

43 3432 50 3443 ,
139 3385 257 3448 ⁸9⁸)
312 3390 567 3435 socher«)
606 3392 711 3436 libri
748 3394 970 3440 conlectio
1000 3395 1094 3443 viu
1120 3397 1189 3446 eut
1215 3395 1414 3445 incidere
1453 3396 1551 3447 tere
1588 3396 1638 3446 in
1665 3396 1856 3456 prima·

312 3448 513 3497 Platoni·
543 3450 903 3502 uolentum
