2040 3666
219 171 291 224 12
665 172 1081 230 PLATONIS
1116 175 1472 232 LAGHES.

221 337 321 387 qna
366 317 556 369 nullam
604 321 889 371 consistere
935 334 1094 386 posse
1147 320 1390 372 virtutem
1439 319 1540 372 sibi
1575 327 1922 387 persuaserat.

220 408 267 442 v.
315 390 701 455 Xenophon.
749 391 908 442 Mem.
956 390 1046 443 1V.
1097 391 1147 444 6
1198 391 1249 459 ἓ.
1299 393 1385 449 11.
1438 393 1634 474 οἱμὲν
1668 388 1773 465 γὰρ
1811 398 1922 447 ἐπι-

221 457 551 530 πιστάμενοι
599 482 721 525 τοις
766 463 973 524 δεινοῖς
1017 480 1076 514 τε
1126 463 1222 515 καὶ
1274 459 1648 527 ἐπικινδύνοις
1697 465 1924 528 καλῶς

215 534 468 606 χρῆσθαι
504 531 752 605 ἀνδρειοί
789 537 958 599 εισιν,
995 534 1052 586 οὶ
1087 531 1148 587 δὲ
1188 532 1666 608 διαμαρτάνοντὲς
1712 531 1921 590 τούτου

218 607 463 730 δειλοῐίειιιι
510 677 656 728 Nicia
699 675 974 728 confutato
1000 675 1201 728 Laches
1247 661 1580 743 ignorantiam
1618 692 1759 730 suam
1798 694 1923 730 con-

217 742 391 801 fessus
439 749 746 816 Lysimacho
793 754 847 799 et
900 749 1155 799 Melesiae
1190 749 1399 813 suadet,
1446 754 1506 800 ut
1546 750 1681 800 filios
1720 750 1924 803 Socrati

216 824 523 872 erudiendos
561 822 790 883 tradant,
826 825 886 871 ut
922 821 1005 887 qui
1039 820 1352 872 fortitudinis
1389 825 1445 872 ct
1477 809 1786 887 reliquarnm
1820 823 1924 874 vir-

217 900 384 946 tutum
423 895 644 944 omnium
680 897 908 943 naturam
946 893 1142 959 optime
1176 899 1502 959 perspectam
1539 894 1741 943 habeat.

361 967 477 1016 Hoc
527 967 684 1032 igitur
732 965 851 1014 libri
896 968 1246 1030 argumentum
1296 969 1407 1028 est,
1458 980 1557 1029 quo
1606 966 1921 1031 perlustrato

216 1042 451 1099 nostram.
499 1038 564 1087 de
611 1053 674 1086 eo
722 1037 1025 1086 sententiam
1067 1036 1354 1102 legentibus
1406 1037 1674 1102 probatum
1729 1037 1794 1086 iri
1855 1050 1921 1086 eo

217 1113 411 1161 certius
462 1124 757 1176 speramus,
807 1123 907 1174 quo
944 1107 1146 1158 facilius
1185 1109 1351 1158 omnia
1387 1113 1624 1173 tanquam
1661 1110 1714 1158 in
1750 1108 1923 1159 tabula

215 1183 476 1248 descripta
512 1181 812 1247 perspicere
850 1184 905 1228 et
942 1195 1044 1228 uno
1080 1179 1222 1229 velut
1257 1181 1443 1230 mentis
1482 1181 1663 1230 obtutu
1686 1179 1924 1230 contueri

215 1255 438 1305 licuerit.
513 1253 758 1303 Ceterum
793 1250 942 1301 Plato
980 1250 1100 1316 quid
1136 1256 1322 1316 postea
1355 1252 1606 1317 temporis
1661 1251 1727 1302 de
1763 1251 1919 1301 forti-

212 1326 391 1376 tudine
437 1325 707 1386 statuerit,
752 1338 1036 1391 cognosces
1074 1338 1105 1372 e
1141 1322 1270 1375 locis
1304 1323 1547 1391 Reipubl.
1582 1322 1671 1375 111.
1708 1339 1763 1392 Ρ.
1800 1322 1917 1374 386

215 1413 328 1466 sqq.
364 1397 454 1453 IV.
484 1414 538 1466 p.
573 1397 698 1448 427.
740 1394 802 1451 C.
838 1423 904 1432 -
943 1394 1067 1445 430.
1106 1393 1167 1447 Ο.

463 1638 755 1693 comens
790 1637 882 1690 Αι)
918 1635 1312 1689 ιΑοιιΕΤΕΜ
1346 1605 1658 1694 nxcUSSI.

224 1754 233 1767 “
357 1743 654 1794 Clarkianus
692 1757 734 1791 s.
771 1739 1095 1792 Bodleianus.
1133 1736 1292 1788 Coisl.
1331 1734 1448 1805 (Γ).
1467 1738 1632 1789 Vatic.
1667 1734 1789 1807 (Θ).
1808 1726 1917 1790 Ve-
1984 1724 1996 1735 ’

210 1817 321 1868 neti
358 1814 493 1878 ΞΣ.
565 1814 783 1864 Parisini
827 1810 1062 1862 BGEG.
1138 1810 1371 1877 Angelic.
1421 1805 1535 1879 (w).
1608 1811 1919 1861 Barberinus

215 1886 343 1959 (y).
416 1887 626 1938 Palatin.
660 1881 770 1954 (ο)
845 1884 1065 1934 Urbinas
1103 1881 1220 1953 (f).
1280 1881 1512 1936 vatican.
1550 1880 1606 1951 (t
1587 1879 1661 1950 t.)
1697 1882 1917 1933 Floren-

212 1963 308 2016 tini
343 1979 389 2017 a.
425 1961 476 2013 b.
512 1974 558 2010 c.
598 1973 648 2008 ο.
685 1955 905 2046 Vindob.
942 1953 1017 2028 (ιι.
1056 1950 1172 2024 54.)

727 2195 1399 2252 EDITIONES.

354 2299 611 2355 Peculiari
631 2315 790 2366 opera
814 2299 949 2351 hunc
977 2300 1161 2351 librum
1181 2299 1504 2350 illustrarunt
1537 2297 1636 2350 Fr.
1672 2296 1697 2350 1
1709 2313 1780 2349 ac
1796 2297 1871 2350 ob
1884 2313 1912 2350 s

210 2379 284 2434 in.
313 2379 444 2427 libro
494 2373 839 2433 scholastice,
897 2374 983 2439 qui
1031 2373 1068 2422 S
1084 2388 1113 2422 o
1129 2378 1270 2422 crat
1289 2389 1356 2423 es
1391 2373 1671 2437 inscriptus
1710 2377 1820 2432 est3
1858 2375 1915 2421 et

209 2448 257 2500 E
271 2467 303 2500 ιι
317 2465 351 2515 g
366 2466 395 2498 e
408 2449 426 2498 l
439 2448 476 2497 h
492 2464 522 2497 a
534 2463 561 2494 r
575 2444 606 2492 d
623 2450 644 2493 t
657 2461 687 2492 u
703 2460 727 2493 s
747 2480 764 2505 ,
802 2446 888 2509 qui
928 2462 1044 2494 eum
1078 2461 1179 2493 una
1213 2461 1330 2496 cum
1364 2444 1673 2508 Menexeno‚
1707 2443 1912 2512 Euthy-

208 2522 424 2590 phrouc.
445 2524 501 2572 et
535 2516 792 2585 Apologia
826 2515 1056 2568 Socratis
1093 2515 1268 2568 edidit.
1296 2567 1299 2570 ,
