2066 3666
667 201 1173 257 ALCIBIADES
1219 203 1257 257 1.
1705 204 1810 257 ¹81
1840 202 1853 212 ‘

248 346 603 408 Enarravimns
648 349 809 398 totius
846 350 1098 412 sermonis
1139 364 1382 398 summam
1433 348 1487 399 et
1531 363 1809 415 argumen-

108 422 217 469 tum
242 416 338 487 *),
387 419 522 484 quod
566 419 696 468 ade'o
743 425 825 469 est
862 421 1078 486 simplex
1124 426 1179 470 et
1219 421 1581 485 perspicuum,
1631 426 1688 470 ut
1726 421 1804 470 de

110 491 412 540 eiusdem
458 492 818 557 proposito
878 498 943 541 et
1003 492 1145 541 fine
1202 492 1357 540 facile
1414 493 1568 540 liceat
1616 508 1805 557 capere

107 564 467 612 coniecturam.
540 562 803 612 Neminem
849 565 980 612 enim
1018 563 1134 612 fore
1170 564 1496 624 arbitramur,
1546 564 1662 627 quin
1710 579 1803 613 no-

107 633 525 684 bis‘assentiatur
558 638 718 683 totam
754 636 1082 700 scriptionem
1118 629 1453 684 iudicantibus
1490 635 1702 683 maxime
1740 650 1804 684 eo

107 706 388 772 pertinere,
423 711 483 755 ut
514 706 828 755 Alcibiadem
867 707 1165 768 ostendatur
1200 722 1297 755 non
1338 723 1432 771 per
1459 706 1684 754 Socratis
1722 705 1806 755 fa-

107 776 474 845 miliaritatem,
508 777 603 826 sed
639 793 735 843 per
767 778 995 843 ipsorum
1029 779 1421 830 Atheniensium
1455 778 1714 826 levitatem
1752 781 1809 826 et

110 850 500 913 perversitatem
545 854 844 914 corruptum
895 866 1042 912 esse,
1093 850 1494 916 quandoquidem
1541 849 1632 898 ille
1678 864 1808 914 unus

110 921 329 969 omnium
368 921 563 984 optime
600 920 789 970 fastum
838 926 893 971 et
940 923 1227 987 snperbiam
1265 921 1604 970 adolescentis
1639 920 1809 986 repri-

112 1007 257 1041 mere
294 993 504 1056 eiusque
541 994 757 1041 animum
797 998 956 1057 atque
986 994 1223 1058 spiritum
1270 994 1342 1042 ita
1375 1009 1560 1060 regere
1609 997 1664 1041 et
1697 1007 1810 1042 mo-

112 1061 281 1127 derari
315 1064 571 1128 potuerit,
606 1069 664 1113 ut
698 1063 853 1112 homo
890 1066 1113 1130 quamvis
1149 1065 1406 1114 elatus-et
1441 1066 1694 1114 animosus
1732 1068 1831 1131 ta-j

112 1151 230 1185 men
275 1134 413 1184 illius
452 1136 770 1185 sermonibus
811 1143 1096 1187 commotus
1140 1137 1352 1186 subinde
1401 1142 1455 1186 et
1504 1137 1582 1186 sui
1630 1136 1811 1202 poeni-

115 1207 276 1256 tentia
310 1214 609 1273 tangeretur
643 1214 697 1257 et
730 1224 883 1258 verae
917 1209 1198 1274 sapientiae
1232 1225 1292 1258 ac
1324 1209 1526 1258 virtutis
1556 1208 1813 1257 desiderio

117 1279 476 1329 incenderetur
494 1275 595 1347 **).
667 1279 795 1329 Nam
831 1280 932 1329 hoc
959 1281 1159 1330 demum
1196 1281 1282 1329 ubi
1305 1286 1554 1341 tenemus,
1590 1279 1815 1329 universi

119 1350 239 1400 libri
275 1356 448 1416 partes
482 1367 658 1400 omnes
697 1358 851 1416 atque
872 1353 1098 1417 singulae
1135 1354 1271 1401 inter
1306 1369 1364 1401 se
1400 1355 1520 1418 apte
1546 1351 1816 1410 convenire

117 1422 436 1475 videbuntur.
519 1424 619 1472 Est
664 1429 832 1473 autem
875 1424 1025 1474 huius
1079 1425 1157 1473 rei
1188 1424 1483 1489 >disputatio
1529 1424 1818 1474 arctissime

119 1510 346 1544 connexa
390 1499 543 1560 atque
590 1496 827 1560 copulata
874 1512 987 1545 cnm
1030 1495 1240 1546 aliarum
1288 1511 1460 1552 rerum
1508 1495 1819 1545 tractatione
1895 1537 1900 1542 i

118 1567 445 1636 maximeque!
488 1583 603 1615 cum
650 1569 949 1631 quaestione
999 1566 1064 1616 de
1104 1565 1398 1632 cognitione
1435 1567 1540 1628 sui,
1593 1566 1818 1632 quando-

121 1638 324 1703 quidem
379 1638 516 1687 inter
568 1638 674 1694 alia,
711 1639 928 1687 docetur
975 1655 1143 1687 veram
1189 1639 1554 1689 humanitatem
1614 1639 1666 1688 in
1715 1653 1818 1688 uno

121 1710 288 1759 animo
339 1711 654 1774 maximeque
716 1712 767 1759 in
812 1711 1252 1776 praestantissima
1309 1713 1418 1767 eius
1463 1714 1624 1776 ‘parte
1677 1710 1819 1776 posi-

124 1788 228 1832 tam
263 1781 452 1842 videri,
487 1780 722 1845 ideoque¹¹
743 1795 876 1843 eum,
914 1783 1000 1847 qui
1036 1788 1200 1831 semet
1235 1784 1404 1849 ipsum
1438 1783 1563 1831 velit
1601 1797 1822 1848 cognos-

124 1869 276 1914 cere,
334 1854 491 1902 missa
546 1869 720 1903 rerum
768 1860 1090 1904 externarum
1147 1871 1304 1921 cura„
1351 1855 1404 1904 id
1462 1855 1611 1904 unice
1669 1869 1825 1920 agere

0 1912 1 1949 ³
51 1988 59 1994 α
126 1932 400 1991 oportere,
448 1930 508 1974 ut
552 1941 700 1989 quam
750 1927 818 1976 sit
864 1928 1098 1991 sapiens,
1147 1942 1292 1991 quam
1341 1927 1627 1989 honestus,
1676 1943 1854 1991 quam.

124 2013 296 2047 rerum
319 1996 598 2066 (divinarum
621 1996 789 2046 studio
821 1996 1040 2058 deditus„
1074 1998 1241 2047 videat
1265 2003 1320 2047 et
1341 1999 1611 2063 intelligat.
1684 1999 1827 2061 Quae

128 2070 174 2119 si
208 2084 329 2116 vere
368 2068 719 2130 iudicavimus,
766 2071 925 2117 totius
975 2070 1092 2118 libri
1126 2071 1375 2120 rationem
1420 2086 1477 2118 ac
1520 2070 1828 2135 descriptio-

128 2156 243 2191 nem
281 2147 497 2204 apparet
533 2156 745 2204 prorsus
785 2157 903 2189 esse
927 2141 1254 2201 Platonicam,
1293 2141 1539 2207 siquidem
1562 2142 1829 2192 Platonem

131 2218 334 2265 constat
367 2214 418 2261 in
455 2211 717 2277 plerisque
754 2214 1071 2262 sermonibus
1109 2214 1214 2262 suis
1251 2214 1351 2263 hoc
1385 2230 1533 2263 usum
1571 2230 1689 2263 esse
1725 2213 1830 2265 dis-

128 2284 339 2335 serendi
399 2283 665 2345 artificio‚.
702 2291 762 2333 ut
821 2285 1040 2350 plurium
1097 2301 1268 2334 rerum
1321 2286 1677 2335 tractationem
1735 2300 1835 2334 una

133 2372 294 2422 opera
329 2355 617 2421 perfecerit
652 2361 706 2405 et
743 2357 1097 2405 sollertissima
1134 2357 1379 2406 industria
1422 2356 1486 2406 ad
1521 2374 1675 2408 unum
1710 2373 1835 2407 eun-

142 2428 359 2493 demque
419 2428 572 2477 flnem
632 2428 886 2478 retulerit.
973 2428 1118 2491 Quod
1178 2430 1386 2494 *quidem
1438 2431 1489 2478 in
1546 2431 1648 2479 hoc
1704 2431 1838 2479 libro

139 2501 265 2550 satis
322 2500 600 2549 artificiose
666 2501 739 2551 ita
791 2502 1078 2560 institutum
1126 2510 1237 2561 est,
1295 2503 1345 2551 in
1403 2515 1502 2566 quo
1561 2506 1614 2550 et
1663 2501 1839 2567 dispu-

141 2573 267 2622 tatio
324 2570 390 2620 de
453 2571 647 2621 iustitia
693 2571 756 2621 ad
817 2572 1131 2638 reipublicae
1200 2572 1684 2623 administrationem
1747 2588 1838 2622 ne-

143 2644 392 2705 cessaria,
445 2649 500 2692 et
534 2645 763 2708 quaestio
811 2642 878 2692 'de
915 2645 1199 2694 honestatis
1251 2653 1305 2695 et
1340 2644 1576 2695 utilitatis
1614 2645 1839 2694 necessi-

143 2714 337 2778 tudine,
376 2720 431 2765 et
465 2717 769 2781 cognitionis
809 2718 887 2765 sui
914 2717 1274 2782 pervestigatio
1311 2734 1423 2767 cum
1452 2717 1691 2783 primario
1729 2733 1840 2767 ser-

145 2788 308 2838 monis
357 2795 655 2854 argumento
704 2789 967 2855 aptissime
1017 2788 1293 2840 cohaereat
1327 2786 1413 2821 *⁴¹*
1430 2784 1472 2858 ).
1561 2789 1672 2840 Nec
1716 2803 1841 2839 vero

233 3040 287 3096 ⁰)
346 3042 410 3082 Ob
442 3041 595 3084 oculo·
623 3044 731 3085 illud
765 3046 914 3087 habuit
946 3047 1181 3088 Persiu·
1213 3049 1356 3098 Satyr.
1383 3048 1481 3101 1V.,
1524 3047 1567 3087 id
1606 3046 1721 3097 quod
1760 3045 1848 3086 iam

353 3100 682 3144 Potiti-nu·
714 3106 898 3145 Miscent.
928 3118 964 3145 c.
998 3108 1039 3144 4.
1068 3106 1327 3146 observavit.

209 3185 293 3239 ⁹⁸)
351 3187 417 3227 ne
457 3186 838 3229 criminationibus
879 3191 923 3230 in
964 3191 1187 3232 Socratem
1226 3194 1407 3241 propter
1437 3190 1618 3230 critiam
1660 3191 1704 3230 et
1732 3188 1853 3231 Alei-
1897 3187 1901 3190 ’

355 3245 522 3284 biadem
579 3247 791 3288 coniectis
838 3260 881 3289 r.
920 3251 1154 3292 Siivern.
1203 3253 1380 3289 Uener
1429 3248 1856 3299 Aristophane·

360 3302 600 3343 wolken
635 3317 678 3355 p.
710 3308 780 3346 6¹1.
812 3317 904 3357 sqq.

188 3385 296 3440 ⁶⁸¹¹)
355 3387 495 3487 A'lotger
540 3388 595 3428 do
638 3390 720 3432 bac
765 3402 815 3432 re
862 3392 1075 3434 indicavit
1115 3392 1626 3435 semein-macher.
1664 3391 1698 3434 1.
1740 3403 1779 3433 c.
1817 3405 1865 3445 p·

452 3473 464 3485 .
496 3457 587 3497 uoq.
988 3471 997 3481 ι
