2066 3666
248 192 324 245 92
887 186 1302 243 PLATONIS

248 338 394 388 catur
440 346 559 384 esse
603 334 934 396 sententiam,
990 350 1136 398 quam
1187 338 1356 384 tamen
1408 335 1454 402 is
1504 349 1599 400 pro
1654 351 1798 387 more
1843 353 1937 388 suo

245 405 429 456 callide
489 405 775 455 dissimulet
834 411 888 454 et
949 406 1187 454 occultet.
1289 406 1562 455 Enimvero
1628 407 1938 460 inaudiverat

249 478 437 528 Critias
485 477 711 526 fortasse
761 476 947 540 aliquid
998 476 1061 523 de
1106 476 1206 525 hoc
1255 476 1480 526 Socratis
1530 478 1748 542 placito,
1804 481 1938 545 quod

243 555 412 599 tamen
467 565 644 614 parum
692 550 837 596 recte
884 547 1224 596 intellexerat.
1313 548 1415 596 Sed
1463 549 1701 598 Socrates
1749 551 1937 602 iterum

241 622 529 683 iterumque
575 620 795 668 affirmat
844 635 902 667 se
937 620 1083 667 unice
1131 619 1239 666 veri
1289 621 1582 684 exquirendi
1628 623 1790 685 gratia
1831 623 1934 672 dis-

242 697 454 758 putare,
520 707 677 755 eaque
728 706 785 739 re
835 690 1047 738 Critiam
1093 695 1388 755 permovet,
1443 696 1503 741 ut
1555 693 1673 756 quid
1718 694 1797 742 rei
1848 696 1935 757 sit,

238 778 396 830 porro
434 762 774 826 quaerendum
809 767 1011 810 statuat.
1628 793 1630 795 ψ

383 834 558 898 Itaque
606 835 714 882 eius
764 834 1068 882 sententiam
1116 833 1485 883 examinaturus
1524 832 1764 891 Socrates
1816 841 1933 886 ante

241 907 408 956 omnia
454 911 686 970 tanquam
739 909 936 953 certum
986 910 1040 953 et
1088 905 1401 968 exploratum
1455 903 1601 969 ponit
1649 910 1934 971 eun1,'q11i

239 978 485 1029 scientiae
535 977 798 1026 scientiam
855 980 1061 1036 teneat,
1121 977 1272 1024 etiam
1325 977 1619 1030 inscientiae
1669 979 1933 1028 scientiam

237 1050 542 1100 habiturum.
614 1048 691 1096 Ex
728 1063 828 1111 quo
873 1047 1069 1111 colligit
1117 1040 1219 1098 τὸν
1266 1042 1535 1117 σώφρονα
1569 1049 1740 1098 'solum
1778 1051 1932 1099 intel-

237 1122 491 1171 lecturum
531 1129 648 1168 esse
684 1122 791 1168 tum
838 1118 958 1183 quid
999 1120 1115 1182 ipse
1152 1120 1280 1168 sciat
1322 1120 1607 1181 nesciatve,
1654 1126 1760 1170 tum
1813 1122 1933 1186 quid

239 1193 324 1241 alii
350 1192 523 1240 -sciant
558 1195 646 1239 aut
683 1190 818 1238 scire
855 1204 914 1238 se
961 1191 1249 1253 opinentur.
1319 1190 1512 1253 Quibus
1562 1192 1633 1240 ita
1680 1195 1930 1242 constitu-

234 1265 304 1315 tis
345 1263 597 1327 duplicem
645 1262 768 1310 oriri
819 1262 1168 1326 quaestionem
1218 1261 1314 1320 ait,
1363 1261 1602 1322 alteram,
1651 1279 1767 1311 num
1815 1265 1932 1313 fieri

235 1336 429 1402 possit,
466 1339 525 1382 ut
563 1334 675 1397 quis
715 1334 871 1393 sciat,
910 1332 1029 1397 quid
1066 1333 1194 1380 sciat
1229 1333 1510 1393 nesciatve3
1560 1334 1799 1395 alteram,
1839 1350 1929 1384 ec-

236 1407 356 1475 quid
394 1405 647 1455 commodi
683 1409 736 1454 et
767 1405 1002 1454 utilitatis
1041 1419 1102 1452 ex
1137 1403 1233 1452 hac
1271 1404 1483 1452 scientia
1516 1404 1767 1454 redundet
1786 1403 1859 1474 *).

322 1478 325 1480 ’
377 1478 449 1527 Et
485 1477 551 1526 de
587 1477 760 1542 prlore
797 1475 998 1542 quidem
1037 1476 1334 1540 quaestione
1365 1475 1605 1524 Socrates
1644 1476 1771 1526 haec
1809 1479 1926 1528 fere

235 1567 349 1600 cum
387 1549 545 1599 Critia
582 1549 803 1597 disserit.
877 1547 1122 1608 Videtur,
1170 1548 1361 1611 inquit,
1407 1553 1553 1596 recte
1588 1564 1745 1613 posse
1782 1549 1928 1599 dubi-

232 1624 356 1683 tari,
412 1637 531 1670 num
582 1620 829 1671 eiusmodi
876 1619 1113 1680 scientia,
1174 1635 1301 1682 quae
1351 1619 1416 1667 sit
1474 1618 1572 1681 τῆς
1627 1616 1929 1687 ἐπιστήμης

231 1687 534 1758 ἐπιστήμη,
571 1707 748 1740 revera
787 1691 1091 1755 reperiatur.
1150 1689 1407 1738 Ponentes
1438 1692 1571 1739 enim
1609 1707 1724 1740 esse
1761 1695 1927 1741 scien—-

230 1768 354 1816 tiam
390 1762 631 1829 aliquam,
679 1779 806 1827 quae
855 1762 1040 1810 nullius
1090 1762 1166 1810 rei
1216 1762 1314 1810 nisi
1358 1762 1437 1811 sui
1472 1763 1634 1827 ipsius
1683 1768 1736 1811 et
1783 1770 1925 1813 cete-

229 1853 400 1888 rarum
437 1836 810 1899 disciplinarum
856 1834 1099 1883 scientiae
1145 1833 1358 1882 scientia
1409 1834 1502 1893 sit,
1551 1836 1824 1898 pugnantia
1871 1840 1925 1886 et

231 1907 451 1959 absurda
488 1912 784 1956 statuemus.
857 1905 986 1954 Nam
1034 1905 1139 1952 sive
1184 1905 1413 1968 corporis
1453 1905 1558 1953 sive
1603 1907 1753 1954 animi
1788 1908 1930 1957 vires*

231 1983 339 2031 sive
377 1980 474 2028 alia
512 1993 838 2043 quaecunque
888 1975 1317 2038 consideraveris,
1366 1975 1492 2024 nihil
1538 1986 1760 2042 usquam‘
1784 1979 1924 2027 inve—

230 2055 365 2113 nieS‚
407 2051 540 2116 quod
575 2051 672 2098 vim
710 2065 850 2097 suam
889 2050 940 2097 in
980 2053 1145 2097 semet
1185 2048 1299 2112 ipso
1336 2064 1499 2112 neque
1535 2049 1586 2097 in
1622 2049 1732 2098 aliis
1768 2052 1922 2100 rebus

229 2125 432 2181 habeat.
517 2121 592 2170 Ita
638 2123 774 2169 visus
831 2136 951 2168 non·
979 2124 1143 2169 semet
1194 2120 1358 2183 ipsum
1410 2124 1716 2183 ceterosque
1763 2123 1920 2184 visus,

231 2197 324 2246 sed
359 2207 445 2244 res
483 2192 859 2258 adspectabiles
898 2192 1138 2255 percipit:
1180 2191 1456 2254 eademque
1491 2193 1621 2239 ratio
1660 2197 1742 2241 est
1779 2194 1922 2242 audi·-

227 2273 312 2317 tus
352 2272 406 2316 et
441 2271 728 2315 ceterorum
764 2280 1004 2312 sensuum
1042 2261 1275 2310 omnium.
1332 2261 1578 2310 Similiter
1613 2262 1923 2315 desiderium

229 2340 441 2388 alicuius
491 2338 587 2392 rei,
614 2351 714 2385 non
761 2335 822 2384 ad
859 2336 1022 2398 ipsum
1060 2333 1390 2393 desiderium,
1441 2334 1671 2383 voluntas
1720 2352 1819 2384 non
1857 2336 1921 2386 ad

227 2412 566 2469 voluntatem,
615 2423 757 2456 amor
802 2422 903 2455 non
947 2406 1009 2454 ad
1056 2420 1309 2464 amorem,
1365 2410 1530 2453 metus
1568 2422 1667 2455 non
1712 2408 1774 2455 ad
1810 2424 1919 2458 me-

231 2487 369 2543 tum,
408 2482 579 2546 opinio
618 2495 718 2528 non
756 2478 818 2527 ad
858 2479 1146 2542 opinionem
1181 2479 1424 2538 refertur,
1461 2477 1552 2526 sed
1587 2478 1716 2527 haec
1752 2481 1919 2530 omnia

226 2554 416 2603 habent
459 2551 645 2616 aliquid
692 2551 789 2599 sibi
836 2550 1150 2609 subiectum,
1203 2547 1338 2612 quod
1383 2549 1444 2596 ab
1490 2549 1616 2613 ipsis
1666 2549 1916 2602 diversum

227 2627 311 2675 sit.
392 2623 567 2672 Rebus
617 2628 785 2671 autem
829 2622 928 2670 jta.
966 2621 1270 2686 comparatis
1321 2621 1405 2684 qui
1460 2620 1663 2670 tandem
1720 2625 1917 2686 poterit

226 2697 371 2757 fieri,
429 2700 488 2744 ut
536 2695 746 2744 scientia
796 2693 1041 2741 eiusmodi
1090 2693 1401 2757 reperiatur,
1448 2708 1575 2755 quae
1613 2695 1680 2742 sit
1715 2696 1914 2744 nonnisi

226 2771 306 2819 sui
360 2768 521 2832 ipsius
578 2772 964 2829 ceterarumque
1024 2763 1336 2829 ἐπιστημῶν
1385 2763 1628 2812 scientia?
1665 2762 1746 2834 **)
1821 2766 1913 2814 Ni-

225 2843 406 2891 mirum
445 2838 605 2886 omnis
642 2837 852 2885 scientia
900 2852 1051 2900 quum
1098 2834 1395 2897 adaliquid
1430 2834 1712 2895 referatur,
1766 2838 1913 2901 quid-

229 2911 348 2978 quid
393 2917 572 2959 autem.
611 2908 672 2955 ad
720 2907 907 2971 aliquid
948 2908 1204 2967 refertur,
1260 2908 1321 2955 ab
1380 2921 1442 2953 eo
1496 2908 1609 2970 ipso
1660 2908 1911 2959 diversum

227 2986 312 3044 sit,
351 2981 412 3030 ad
437 2981 573 3045 quod
591 2980 920 3028 referendum
948 2984 1046 3039 est,
1075 2979 1320 3041 sequitur,
1347 2983 1404 3025 ut
1424 2979 1635 3026 scientia
1655 2980 1715 3027 ab
1743 2996 1804 3027 eo
1835 2981 1912 3029 di-

226 3071 375 3104 versa
398 3054 483 3114 sit,
516 3053 579 3101 ad
621 3051 754 3116 quod
789 3052 901 3115 ipsa
937 3051 1206 3115 pertineat.
1259 3049 1338 3097 Ex
1376 3064 1474 3110 quo
1515 3050 1758 3114 colligere
1785 3051 1911 3101 licet

225 3142 327 3176 non
353 3142 469 3174 esse
503 3124 659 3172 ullam
689 3123 965 3182 scientiam,
1001 3137 1129 3185 quae
1166 3120 1228 3169 ad
1258 3126 1422 3169 semet
1442 3121 1601 3184 ipsam
1627 3124 1908 3186 pertineat;

223 3199 322 3249 nisi
365 3197 507 3245 forte
552 3195 951 3259 demonstratum
998 3194 1158 3243 fuerit
1205 3206 1323 3242 esse
1368 3193 1605 3242 nonnulla
1651 3195 1722 3244 ita
1768 3209 1909 3246 com-

227 3312 252 3320 o·

277 3362 339 3416 ³³)
397 3366 442 3406 Ρ,
476 3365 572 3403 165.
603 3364 650 3402 Β.
678 3381 737 3392 —-
767 3362 862 3403 167.
896 3363 944 3401 Β.

246 3449 328 3501 ²⁸)
385 3450 431 3491 P.
466 3450 563 3490 167.
592 3449 642 3489 B.
671 3468 728 3481 —-
759 3448 854 3488 168.
885 3448 932 3486 a.
