2066 3666
231 114 319 186 ,12
885 112 1313 167 aaronis

391 271 548 324 Valet
592 274 763 324 autem
810 271 963 323 litera
998 291 1030 342 ρ
1067 271 1130 320 ad
1179 275 1370 322 motum
1417 269 1824 336 significandum,
1886 279 1945 323 ut

247 348 399 412 patet
443 359 507 393 ex
539 342 741 409 linguae
786 360 898 395 eam
932 343 1304 427 pronuntiantis
1351 343 1662 393 vibratione.
1710 346 1946 408 quocirca

249 433 313 466 ea
346 417 399 466 in
434 416 642 466 vocibus
682 415 827 484 ῥεῖν,
863 409 1091 483 τρόμος,
1129 409 1365 485 κρούειν,
1405 415 1517 463 aliis
1558 419 1751 464 motum
1790 416 1944 480 signi-

249 487 538 550 ficantibus,
573 486 742 538 locum
778 487 949 537 habet.
1023 486 1185 535 Porro
1213 487 1320 536 iota
1355 486 1544 535 indicat
1580 487 1754 535 tenuia
1789 492 1844 536 et
1879 489 1945 537 ob

247 561 555 610 tenuitatem
585 576 727 609 suam
748 564 924 608 cetera
944 559 1275 623 permeantia,
1306 562 1364 607 ut
1385 558 1437 607 in
1460 558 1604 609 ἰέναι
1641 562 1697 608 et
1733 554 1946 611 ἵεσθαι.

242 642 639 696 Vehementiam
697 644 940 711 quandam
1002 648 1058 694 et
1099 643 1373 694 stridorem
1422 643 1711 709 significant
1758 660 1822 706 σ,
1870 662 1946 716 (p,

249 743 332 800 ψ,
373 730 428 795 ζ,
473 732 616 782 velut
653 731 706 780 in
750 730 958 780 vocibus
995 722 1243 801 ψυχρόν,
1293 726 1445 792 ζέον,
1496 728 1782 789 σείεσθαι,
1818 729 1946 780 aliis

248 801 331 854 Ad
367 803 591 870 quietem
629 806 683 852 et
719 806 908 852 statum
944 800 1325 866 significandum
1380 801 1792 860 accommodatae
1828 798 1950 850 sunt

248 889 435 943 literae
471 889 506 939 δ
542 892 598 938 et
632 906 714 951 r,
728 888 781 938 in
831 887 1011 952 quibus
1056 885 1440 951 pronuntiandis
1493 886 1664 952 lingua
1710 886 1949 938 dentibus

251 963 396 1028 quasi
431 960 680 1010 innititur.
752 957 938 1020 Lenia,
975 958 1194 1023 liquida,
1228 954 1483 1023 glutinosa
1519 965 1641 1024 apte
1678 957 1948 1025 designan-

251 1053 340 1099 tur
376 1061 474 1112 per
508 1045 566 1107 λ,
602 1045 656 1094 ἰιι
692 1059 792 1110 quo
828 1043 1146 1110 proferendo
1192 1042 1363 1109 lingna
1397 1043 1584 1094 leniter
1631 1045 1775 1109 quasi
1820 1044 1949 1094 labi-

251 1124 354 1172 tur.
426 1117 501 1166 E't
536 1117 610 1166 sic
645 1132 976 1181 unaquaeque
1010 1115 1161 1164 litera
1198 1116 1456 1180 propriam
1495 1116 1593 1166 sibi
1627 1117 1727 1166 vim
1764 1120 1820 1165 et
1854 1131 1951 1181 po·

250 1193 499 1241 testatem
537 1188 724 1248 habet,
763 1204 892 1252 quae
923 1189 976 1238 in
1013 1188 1122 1236 eius
1160 1182 1258 1236 usu
1292 1187 1567 1253 diligenter
1615 1193 1699 1238 est
1729 1186 1953 1239 animad-

250 1260 508 1312 vertenda.
582 1259 642 1324 P,
678 1259 801 1311 426.
841 1259 885 1310 Β
920 1287 989 1297 -
1025 1259 1148 1313 427.
1185 1258 1249 1310 1).

396 1373 614 1423 Fatetur
659 1373 895 1438 Cratylus
948 1372 1077 1423 haec
1131 1373 1295 1430 omnia
1347 1389 1561 1440 prorsus
1622 1373 1684 1430 ad
1728 1347 1990 1425 mentem⁴
2064 1355 2066 1400 l

254 1463 397 1500 suam
435 1445 682 1510 explicata
722 1461 855 1506 esse,
898 1446 1004 1496 sive
1042 1447 1158 1511 quia
1194 1445 1437 1496 Socrates
1478 1448 1539 1497 ab
1575 1447 1956 1513 Euthyphrone

254 1533 403 1572 sacro
441 1517 656 1583 quodam
692 1517 873 1566 furore
908 1517 1181 1567 instinctus
1219 1518 1319 1580 sit,
1357 1519 1463 1568 sive
1502 1519 1636 1583 quod
1673 1519 1769 1568 alia
1803 1518 1957 1568 Musa

257 1592 307 1641 ei
342 1592 543 1640 numine
581 1604 674 1637 suo
712 1589 931 1642 affuerit.
1005 1589 1103 1652 Qui
1139 1590 1282 1638 locus
1321 1589 1601 1640 clarissime
1648 1591 1800 1639 docet
1853 1591 1956 1640 ista

256 1663 423 1713 omnia
469 1678 499 1710 a
547 1659 762 1709 Socrate
808 1675 908 1709 non
956 1676 1018 1709 ex
1062 1677 1150 1709 sua
1194 1666 1395 1722 mente,
1455 1662 1544 1711 sed
1600 1662 1663 1711 ad
1703 1663 1957 1712 rationem

253 1735 470 1785 aliorum
507 1731 890 1781 accommodate
923 1731 1126 1780 ludibrii
1161 1733 1324 1797 gratia
1355 1750 1474 1783 esse
1509 1735 1758 1800 exposita.
1829 1733 1958 1783 Nam

255 1806 340 1857 vel
379 1822 456 1867 ea,
495 1820 624 1869 quae
658 1819 781 1852 vere
814 1807 1062 1868 recteque
1095 1804 1436 1854 animadversa
1473 1812 1607 1867 sunt,
1635 1804 1769 1854 haud
1805 1805 1958 1856 dubie

255 1878 538 1930 inserviunt
571 1875 810 1926 irrisioni.
883 1876 1116 1939 Accepto
1146 1879 1315 1924 autem
1341 1876 1538 1941 Cratyli
1572 1893 1824 1942 responso
1855 1877 1958 1926 So·

257 1955 428 2000 crates
477 1948 607 1996 hanc
646 1946 950 1996 sententiam
996 1946 1330 2000 subtilissime
1376 1948 1674 2051 impugnare
1723 1954 1778 2000 et
1812 1949 1958 2000 refu-

256 2029 371 2073 tare
405 2019 645 2074 instituit.
1634 2048 1637 2051 >

401 2120 646 2180 Nomina,
691 2119 882 2183 inquit,
931 2120 1086 2169 rebus
1138 2119 1307 2185 posita
1357 2126 1504 2183 sunt,
1561 2127 1621 2172 ιιι
1667 2122 1733 2172 de
1785 2138 1959 2173 earum

257 2200 441 2246 natura
497 2192 828 2241 edoceamur:
901 2197 985 2241 est
1040 2192 1197 2258 igitur
1246 2208 1329 2242 ars
1399 2193 1643 2259 quaedam
1703 2195 1960 2245 nominum

251 2272 406 2318 >recte
441 2263 871 2315 inveniendorum.
945 2264 1091 2327 Quod
1141 2264 1243 2313 etsi
1280 2264 1516 2330 cratylus
1562 2266 1828 2327 concedit,
1874 2271 1960 2316 ta-

261 2355 382 2390 men
441 2337 641 2388 nomina
685 2335 782 2384 alia
829 2335 940 2384 aliis
989 2337 1148 2401 magis
1197 2337 1350 2387 rebus
1400 2339 1780 2388 accommodata
1840 2353 1960 2388 esse

261 2413 441 2476 negat,
480 2410 713 2474 quoniam
752 2423 1079 2472 quaecunque
1114 2424 1236 2457 vere
1273 2409 1374 2461 sint
1409 2426 1581 2459 rerum
1616 2411 1848 2472 nomina,
1898 2427 1961 2460 ea
2044 2463 2046 2469 ,

256 2485 418 2532 retiam
453 2482 608 2530 rebus
657 2480 866 2546 propria
904 2481 1034 2540 sint3
1087 2485 1262 2529 cetera
1298 2486 1467 2530 autem
1511 2497 1576 2531 ne
1612 2483 1812 2533 nomina
1849 2483 1960 2546 qui-

255 2556 380 2604 dem
419 2569 536 2602 esse
573 2552 854 2612 contendit,
891 2552 986 2600 sed
1019 2552 1194 2601 inanes
1223 2558 1568 2618 vocesatque
1595 2569 1765 2603 sonos.
1832 2554 1959 2604 Nam

263 2626 508 2676 vocabula
559 2625 674 2688 quia
716 2639 888 2672 rerum
937 2628 1173 2673 naturam
1209 2624 1477 2673 imitentur
1540 2630 1594 2675 et
1639 2626 1782 2690 quasi
1813 2627 1958 2674 ima-
2044 2637 2046 2642 ’

264 2701 384 2765 gine
432 2697 597 2762 aliqua
644 2695 952 2759 exprimant,
1004 2696 1194 2744 nullum
1245 2711 1429 2746 nomen
1474 2713 1746 2762 perper-am
1804 2698 1960 2747 tribui

225 2773 498 2835 ·cuiquam
561 2768 639 2816 rei
686 2782 873 2832 posse,
932 2768 1014 2826 ita,
1063 2772 1120 2816 ut
1167 2769 1330 2817 omnis
1382 2770 1584 2819 exclusa
1626 2771 1693 2818 sit
1743 2770 1958 2818 attribu-

266 2841 613 2894 tionis'fraus
660 2844 812 2903 atque
851 2855 1013 2892 error.
1091 2838 1185 2888 cui
1235 2840 1516 2903 respondet
1551 2841 1814 2890 Socrates·
1851 2840 1957 2889 Er..

265 2930 401 2981 gone
437 2917 493 2962 tu
529 2912 681 2961 etiam
719 2926 898 2959 censes
935 2911 1187 2960 neminem
1222 2913 1426 2960 mentiri
1462 2929 1618 2977 posse
1654 2918 1709 2962 et
1746 2913 1960 2962 errare‘l

269 2985 418 3051 Quod
444 2986 531 3033 ubi
569 2981 821 3046 Cratylu8‚
859 2981 1167 3046 Protagorae
1202 2981 1338 3032 haud
1368 2983 1520 3034 dubie
1557 2990 1763 3035 secutus
1800 2986 1958 3033 ratio·

269 3075 413 3120 nem,
450 3054 583 3106 haud
622 3058 917 3103 cunctanter
950 3054 1249 3115 affirmavit,
1299 3053 1539 3106 Socrates
1583 3053 1713 3105 hanc
1751 3060 1959 3106 senten-

269 3132 392 3182 tiam
454 3126 644 3178 enoris
693 3140 973 3190 coarguere
1019 3126 1255 3178 instituit
1342 3126 1543 3190 Verba,
1594 3129 1780 3193 inquit,
1844 3134 1962 3180 sunt
2031 3167 2036 3171 -

267 3217 440 3254 rerum
492 3201 722 3265 picturae
766 3197 1036 3262 quaedam:
1095 3197 1194 3250 iam
1236 3211 1357 3246 xero
1404 3200 1538 3249 sicut
1583 3200 1818 3252 accidere
1862 3215 1961 3268 po·-

255 3272 403 3332 'test,
450 3277 508 3320 ut
560 3269 670 3335 quis
706 3269 799 3321 viri
834 3270 1099 3335 imaginem
1137 3283 1231 3334 pro
1267 3270 1485 3335 imagine
1521 3272 1742 3324 feminae
1776 3272 1996 3323 habeat¹

272 3349 327 3394 et
360 3343 608 3404 vicissim,
643 3340 713 3390 ita
750 3340 904 3393 etiam
939 3356 1153 3403 nomen,
1206 3340 1340 3406 quod
1376 3343 1590 3394 huiusce
1624 3345 1702 3394 rei
1735 3345 1833 3394 vim
1870 3359 1962 3393 ex·-
