2040 3666
141 193 181 242 6
782 184 1193 239 PLA'roms

153 343 303 378 cunm
351 327 468 378 fore
521 341 786 396 speramus
844 330 895 380 in
939 329 1041 386 hoc
1101 345 1339 387 sermone
1386 331 1571 399 partim
1616 327 1845 380 Socratis

152 399 440 450 adumbrari
473 397 857 462 fortitudinem,
899 403 1084 468 partim
1119 401 1172 452 id
1208 404 1317 468 agi,
1364 407 1422 452 ut
1457 404 1506 452 ei
1540 406 1777 466 tanquam
1814 415 1847 450 e

153 471 366 535 regione
405 471 688 523 collocetur
723 472 1123 525 clarissimorum
1152 475 1513 539 imperatorum
1553 473 1619 522 de
1667 471 1870 521 eadem‘

153 544 344 592 virtute
408 544 608 607 opinio,
668 561 815 610 quam
872 544 992 594 dum
1052 545 1293 597 Socrates
1352 545 1586 607 refellit,
1646 542 1848 594 etiamsi

156 630 299 664 suam
337 617 644 664 sententiam
682 617 816 665 celat
851 617 1201 679 callidissime,
1253 623 1422 666 tamen
1457 618 1566 666 veri
1601 614 1848 681 quaedam

154 686 340 735 indicia
384 684 561 736 facere
609 687 966 738 existimandus
1015 694 1127 750 est,
1181 689 1342 739 veluti
1397 705 1551 754 quum
1606 686 1851 748 ostendit,

154 755 513 809 fortitudinem
555 774 656 807 non
691 776 789 809 una
826 761 1075 811 contineri
1108 759 1378 810 tolerantia
1413 776 1585 810 rerum
1620 759 1850 824 gravium

158 833 216 879 et
248 829 670 894 periculosarum,
705 846 801 880 nec
837 833 1000 881 omnis
1027 833 1229 898 generis
1258 832 1687 898 perseverantiam
1723 845 1851 879 con-
1923 836 1926 838 ’

156 901 302 950 tinuo
350 915 449 966 pro
499 901 803 960 fortitudine
846 903 1049 955 haberi
1073 909 1345 979 oportere3
1405 919 1517 952 eam
1573 918 1674 953 non
1730 914 1852 950 esse

159 972 466 1038 prudentem
503 989 673 1023 rerum
717 974 1118 1040 periculosariun
1153 980 1240 1025 aut
1277 975 1641 1025 contrariarum
1677 986 1852 1023 curam

161 1058 223 1093 ac
267 1043 715 1104 deliberationem;
759 1061 871 1096 eam
916 1062 1031 1096 cum
1077 1048 1291 1097 scientia
1333 1048 1513 1112 utique
1558 1062 1680 1096 esse
1728 1061 1853 1095 con-

158 1116 384 1166 iunctam
420 1115 639 1182 ideoque
675 1134 790 1167 cum
821 1119 1057 1168 universa
1089 1119 1275 1168 virtute
1310 1119 1596 1179 convenire,
1635 1123 1689 1168 et
1724 1133 1855 1182 quae

161 1193 282 1237 sunt
327 1187 380 1235 id
435 1203 595 1254 genus
647 1188 776 1252 ali-a,
828 1191 880 1240 in
941 1191 1123 1255 quibus
1173 1190 1417 1256 quaedam
1472 1191 1617 1258 quasi
1660 1191 1856 1242 semina

161 1259 392 1309 veritatis
450 1260 647 1310 inclusa
702 1276 820 1311 esse
878 1259 1098 1313 dubitari
1141 1276 1243 1315 non
1284 1266 1476 1330 potest.
1556 1259 1663 1313 Sed
1703 1277 1855 1315 acce·

161 1330 340 1381 damus
375 1330 441 1382 ad
474 1332 641 1397 ipsum
676 1332 796 1383 libri
828 1337 1196 1400 argumentum.
1836 1334 1838 1339 ’

305 1431 480 1497 ltaque
533 1448 686 1482 scena
739 1431 926 1500 dialogi
981 1433 1265 1501 prudenter
1313 1433 1376 1484 ad
1424 1433 1545 1486 libri
1595 1434 1862 1486 materiam

161 1504 504 1568 attemperata
538 1510 636 1555 est.
694 1504 1029 1570 Lysimachus
1063 1507 1198 1557 enim
1233 1511 1388 1572 atque
1423 1505 1693 1568 MelesiaS,
1732 1518 1861 1570 quo'-

164 1589 281 1624 rum
328 1575 462 1626 alter
505 1575 641 1627 filius
684 1576 784 1626 fuit
831 1579 998 1643 magni
1043 1578 1313 1639 Aristidis,
1371 1577 1504 1628 alter
1542 1577 1862 1643 Thucydidis

156 1644 331 1710 illius,
368 1649 455 1712 qui
489 1649 792 1719 aliquamdiu
821 1650 957 1699 inter
989 1648 1204 1700 Periclis
1228 1649 1552 1700 ‘adversarios
1587 1649 1862 1714 plurimum

161 1719 472 1782 auctoritate
508 1728 564 1770 et
596 1721 826 1789 potentia
866 1721 1050 1782 valuit,
1099 1738 1251 1788 quum
1299 1720 1567 1787 ingloriam
1614 1720 1866 1787 degerent

164 1794 388 1854 aetatem
440 1807 655 1857 eamque
703 1799 897 1843 sortem
952 1798 1095 1843 tanto
1149 1793 1351 1843 ferrent
1405 1792 1705 1856 molestius,
1762 1806 1864 1857 quo
1918 1803 1921 1805 ’

163 1861 474 1913 illustriores
523 1870 762 1929 parentes
807 1866 1034 1930 ipsorum
1083 1864 1313 1926 fuerant,
1356 1864 1410 1913 id
1457 1865 1671 1912 maxime
1718 1879 1867 1913 cura-

163 1934 305 1985 visse
341 1935 705 2000 perhibentur,
743 1940 814 1984 ·ut
859 1937 995 1986 filios
1044 1952 1163 1986 suos
1203 1937 1356 1984 etiam
1404 1935 1605 1985 adultos
1639 1936 1705 1986 iis
1741 1935 1867 1984 arti-

165 2005 264 2056 bus
302 2006 591 2071 erudirent,
630 2024 758 2072 quae
794 2007 857 2057 ad
893 2008 962 2074 gl
957 2009 1106 2058 »riam
1143 2005 1207 2058 et'
1231 2024 1322 2056 an«
1327 2008 1585 2056 toritatem
1623 2007 1675 2056 in
1709 2022 1866 2091 repu-

164 2077 304 2129 blica
339 2080 746 2144 consequendam
782 2080 969 2163 aliquid
1005 2084 1236 2146 possent
1324 2078 1708 2144 Ερεοΐαῑεῐειιιῐ
1725 2078 1781 2128 hi
1813 2080 1868 2129 in

166 2150 429 2215 palaestra
465 2150 700 2201 Taureae
748 2145 852 2214 ὀπὶ
859 2169 1072 2220 υμαχον
1113 2150 1388 2217 quendam,
1433 2150 1734 2210 Stesilaum,
1782 2166 1866 2199 ar-

173 2229 280 2272 tem
317 2239 457 2273 suam
493 2228 864 2283 ostentantem,
902 2223 965 2272 ad
1001 2224 1212 2289 eiusque
1249 2222 1530 2289 spectaculi
1564 2223 1868 2272 societatem

170 2295 500 2346 invitaverant
536 2295 729 2350 Niciam
768 2300 823 2345 et
854 2293 1162 2356 Lachetem,
1198 2294 1513 2344 clarissimos*
1542 2293 1665 2344 belli
1692 2293 1869 2356 duces,

171 2365 357 2419 horum
381 2369 684 2418 sententiam
710 2365 775 2416 dc
796 2367 891 2416 viri
927 2371 1039 2416 arte
1075 2365 1397 2416 sciscitaturi.
1466 2363 1523 2416 In
1559 2381 1656 2429 qua
1679 2381 1739 2414 re
1760 2382 1868 2415 ma-

174 2454 274 2504 gna
310 2441 538 2489 cernitur
571 2438 799 2490 Platonis
837 2438 1082 2491 sollertia.
1104 2451 1115 2462 ·
1153 2437 1325 2488 Nicias
1366 2437 1497 2485 enim
1534 2451 1688 2499 quum
1724 2442 1871 2487 esset

174 2511 478 2561 subtimidus
511 2527 679 2577 neque
715 2526 907 2576 expers.
935 2510 1231 2559 eruditionis
1266 2513 1321 2558 et
1355 2507 1746 2574 philosophiae,
1791 2509 1871 2566 in,-

173 2579 257 2633 fra
319 2583 584 2633 commode
630 2583 702 2632 ita
757 2583 1014 2632 disserens
1062 2580 1339 2641 inducitur,
1400 2587 1459 2638 ut
1515 2580 1872 2631 fortitudinem

173 2653 443 2720 prudentia
477 2654 685 2707 definiat
718 2654 948 2720 adeoque
985 2653 1213 2703 Socratis
1247 2652 1489 2717 placitum
1526 2651 1775 2716 quoddam
1818 2653 1873 2703 in

173 2726 397 2776 medium
444 2727 643 2779 afferat.
715 2726 916 2775 Laches
968 2730 1143 2774 autem
1176 2725 1308 2790 quia,
1340 2728 1451 2772 erat
1499 2724 1626 2773 adeo
1677 2722 1872 2773 calidus

177 2804 234 2848 et
261 2799 450 2859 audax,
491 2804 550 2849 ut
583 2798 863 2849 haberetur
899 2813 1063 2863 paene
1103 2797 1432 2857 temerarius,
1470 2795 1749 2860 prudenter
1792 2796 1872 2844 in-

174 2871 412 2920 stitutum
444 2877 527 2921 est
563 2871 728 2936 quod,
778 2870 877 2919 etsi
912 2869 1127 2919 naturali
1163 2867 1375 2934 quodam
1420 2868 1604 2916 mentis
1642 2867 1874 2916 acumine

176 2943 412 3006 exceiiit,
448 2947 621 2993 tamen
657 2959 754 3010 per
792 2946 957 2994 totum
996 2955 1285 2991 sermonem
1323 2940 1520 2988 strenui
1554 2939 1732 2988 militis
1768 2939 1877 3004 agit

175 3021 378 3098 partes,
429 3031 581 3079 quum
632 3021 687 3064 et
723 3015 972 3064 sermonis
1011 3012 1283 3063 acrimonia
1321 3010 1531 3076 quadam
1567 3016 1772 3072 utatur,
1821 3015 1878 3060 et

177 3089 232 3136 in
265 3086 543 3136 indicandis
579 3087 795 3137 aliorum
840 3085 1107 3137 sententiis
1155 3083 1585 3133 vehementiorem
1626 3099 1684 3131 se
1721 3097 1882 3148 prae·

178 3158 326 3216 beat,
380 3164 434 3208 et
470 3158 823 3208 fortitudinem
860 3157 1066 3206 audacia
1104 3160 1392 3205 contentam
1430 3154 1547 3215 esse
1585 3155 1878 3207 arbitretur.

180 3230 309 3279 (311111
348 3231 573 3282 eiusdem
611 3232 814 3295 ingenio
850 3231 1065 3279 maxime
1100 3227 1351 3293 congruit,
1386 3226 1519 3291 quod
1558 3227 1655 3276 sibi
1690 3227 1763 3276 ait
1797 3224 1879 3280 sa·-

182 3309 284 3350 mm
284 3319 380 3352 am
417 3319 532 3353 enm
579 3304 759 3353 verbis
795 3296 1183 3364 consensionem
1229 3299 1440 3348 maxime
1488 3293 1738 3368 plaeere,
1781 3311 1880 3346 nec

182 3390 298 3424 eum
347 3375 446 3424 sibi
493 3375 725 3440 probari,
785 3377 869 3438 qui
920 3372 1190 3422 actionem
1193 3369 1285 3420 ab
1326 3369 1565 3432 clatione
1618 3376 1878 3442 segreget.

182 3445 353 3495 Finito
402 3445 559 3511 igitur
595 3446 889 3512 spectaculo
926 3442 1260 3541 Lysimachus
1298 3443 1357 3492 'et
1373 3429 1637 3492 Melesias
1674 3455 1769 3494 eoa
1804 3441 1879 3490 in·
