2066 3666
281 203 388 274 sio
816 197 1310 263 Ammianus
1358 196 1428 249 ιι.

287 342 528 397 centior-is
565 341 869 395 Graecitatis
907 344 1280 399 documentum
1351 341 1593 408 Legimus
1616 337 1747 393 enim
1771 359 1823 414 p.
1857 343 1979 398 149.

288 416 350 472 Β.
396 416 691 471 infinitivum
745 418 921 470 amisti
979 413 1367 486 ἀποκοιθηναι
1414 430 1508 479 pro
1557 411 1983 484 ἀποκοίνασθαι

294 487 540 553 positum,
578 504 728 553 quem
762 504 906 542 usum
942 493 1178 551 tanquam
1201 485 1506 550 singularem
1530 487 1982 547 iamSturziuS‚

294 556 678 613 Lobeckius
764 566 820 617 et
901 559 1132 615 Astius
1193 562 1511 614 notaverunt.
1606 558 1738 621 Quid
1784 559 1981 623 igitur‘l

294 630 601 698 Corrigesne
637 630 876 688 audacter
921 626 1376 700 ἀποκρίνασθαι,
1412 645 1564 693 quum
1600 631 1793 682 scribas
1828 644 1984 679 nove-

293 703 450 762 rimus
489 704 642 754 etiam
678 703 797 754 alibi
832 702 1046 752 formam
1084 701 1337 751 citerioris
1373 699 1680 757 Graecitatis
1707 717 1802 765 per
1837 708 1983 750 erro-

293 789 405 829 rem
438 775 492 825 in
529 774 697 826 locum
731 774 917 828 veteris
952 778 1106 838 atque
1152 772 1344 837 probae
1392 771 1754 826 substituiss02
1824 772 2006 836 Atqui'

292 844 421 905 haec
457 847 606 896 nimia
640 845 875 912 profecto
911 844 1115 894 audacia
1149 844 1317 905 foret
1356 860 1507 908 quum
1541 844 1660 894 libri
1706 860 1856 901 manu
1891 843 1982 892 ‹le-.-

289 918 471 982 scripti
492 932 667 970 omnes
688 918 824 970 iuxta
856 933 971 968 cum
991 920 1116 964 vett.
1129 915 1434 970 editionibus
1457 910 1845 984 ἀποκοιθηναι
1860 930 1984 965 con-.-

197 991 200 994 ’
292 993 493 1045 stanter
516 993 769 1043 tueantur.
805 987 933 1045 Nam
958 991 1017 1043 ut
1039 988 1190 1042 etiam
1214 987 1334 1038 alibi
1353 962 1743 1056 ἀποκριθῆναι
1758 988 1819 1043 ab
1829 987 1984 1042 libra-⁴

291 1059 382 1113 riis
407 1075 498 1123 per
525 1075 752 1115 errorem
777 1074 872 1124 pro
894 1055 1320 1128 ἀποκρίνασθαι
1339 1059 1584 1122 scriptum
1614 1060 1699 1120 sit,
1737 1057 1872 1124 quod
1891 1057 1985 1108 ali-

291 1132 493 1198 quoties
520 1131 572 1181 in
604 1129 946 1196 Xenophonte
975 1130 1226 1187 accidisse
1250 1130 1475 1184 novimus
1488 1126 1561 1197 *),
1597 1134 1769 1182 tamen
1789 1131 1862 1183 ibi
1883 1144 1987 1180 non

291 1203 570 1259 communis
607 1203 826 1256 omnium
860 1202 957 1255 hic
985 1217 1131 1251 error
1167 1206 1275 1263 est,
1324 1200 1723 1266 quandoquidem
1760 1202 1812 1251 in
1850 1202 1987 1266 opti-

288 1274 388 1326 mis
425 1273 684 1328 codicibus
716 1290 837 1324 vera
872 1281 927 1327 et
964 1274 1178 1340 genuina
1214 1272 1467 1337 scriptura
1492 1278 1690 1327 servata
1715 1274 1988 1337 reperitur.

288 1342 470 1408 Itaque
505 1361 607 1404 non
647 1350 729 1396 est
763 1346 986 1407 dubium,
1024 1346 1144 1411 quin
1165 1343 1303 1395 istud
1327 1340 1718 1415 ἀποκριθῆναι
1738 1346 1799 1393 ab
1825 1345 1988 1410 ipsius

291 1418 564 1482 scriptoris
628 1433 776 1473 manu
834 1417 1129 1484 profectum
1190 1417 1258 1466 sit
1320 1421 1476 1479 atque
1547 1432 1642 1482 pro
1699 1416 1988 1466 certissimo

289 1486 487 1541 itandis
523 1494 821 1554 argumento
857 1488 1036 1539 haberi
1072 1487 1286 1549 debeat
1320 1487 1455 1544 unde
1490 1487 1555 1537 de
1591 1492 1852 1561 tempore,
1887 1501 1990 1554 quo

290 1563 402 1619 tote
436 1561 648 1627 scriptio
682 1562 751 1612 sit
783 1561 1093 1627 composita,
1129 1561 1422 1613 coniectura
1456 1561 1699 1624 capiatur.

435 1632 599 1696 Quum
634 1631 794 1698 igitur
827 1649 938 1686 rem
975 1632 1056 1682 his
1091 1633 1252 1697 ipsius
1306 1632 1573 1695 scriptoris
1616 1629 1813 1681 indiciis
1862 1644 1986 1681 con·

291 1701 485 1760 tectam
521 1703 826 1764 habeamus
863 1710 1104 1770 superest
1137 1707 1196 1752 ut
1231 1702 1572 1767 quaerendum
1609 1703 1696 1763 sit
1733 1717 1832 1767 quo
1849 1707 1986 1760 tem-

291 1788 424 1840 pore
458 1773 543 1829 hic
579 1775 770 1840 ingenii
805 1774 947 1825 fetus
982 1775 1150 1825 lucem
1187 1775 1490 1840 adspexerit.
1560 1773 1846 1827 Verissime
1897 1791 1988 1823 au-

290 1852 399 1897 tem
434 1850 670 1911 putamus
701 1846 764 1897 A.
801 1845 1210 1898 Boeckhium
1248 1861 1310 1894 ex
1346 1860 1444 1906 eo,
1495 1845 1631 1928 quod
1675 1861 1727 1924 p.
1767 1846 1888 1898 139.
1923 1845 1985 1895 Β.

290 1915 350 1970 G.
387 1917 451 1972 ad
486 1917 942 1974 celebratissimum
974 1917 1102 1966 illud
1137 1917 1453 1981 paradoxon:
1492 1915 1582 1968 ὅτι
1631 1917 1739 1978 πᾶς
1785 1910 1990 1988 ἄφρων

285 1988 574 2055 μαίνεται,
619 1990 923 2054 respicitur,
971 1989 1245 2053 collegisse
1293 1987 1483 2038 editum
1531 2004 1650 2039 eum
1710 2002 1830 2039 esse
1885 2004 1988 2055 quo
2061 1986 2066 2000 ¹

287 2064 527 2125 tempore
563 2058 853 2110 Stoicorum
887 2059 1079 2117 familia
1114 2062 1215 2111 iam
1249 2060 1499 2114 floruerit
1572 2061 1865 2125 Quanquam
1901 2077 1988 2110 ac-
2063 2119 2066 2127 1

287 2133 513 2187 curatius
550 2133 702 2184 etiam
732 2131 1072 2182 definiendum
1110 2137 1220 2194 est,
1258 2147 1355 2195 qua
1391 2131 1442 2180 id
1478 2136 1647 2182 aetate
1687 2132 1879 2182 factum
1910 2133 1986 2182 vi-
2060 2129 2066 2133 “

287 2199 487 2259 dentur.
579 2201 956 2269 Reputantibus
1017 2208 1189 2253 autem
1238 2203 1382 2252 nobis
1442 2206 1499 2252 e't
1543 2203 1983 2254 considerantibus

288 2289 384 2337 ea,
421 2289 550 2341 quae
587 2274 653 2326 de
688 2275 930 2340 loquendi
967 2291 1161 2341 genere
1198 2275 1453 2342 disputata
1499 2280 1646 2335 sunt,
1704 2276 1981 2327 verisimile

283 2346 450 2401 visum
501 2352 584 2406 est
632 2346 816 2399 librum
864 2347 1121 2415 aliquanto
1169 2351 1291 2412 post
1324 2346 1597 2399 Alexandri
1631 2346 1808 2412 Magni
1839 2353 1980 2397 aeta·-

286 2421 392 2474 tem
441 2419 778 2484 compositum
825 2434 961 2472 esse.
1037 2419 1277 2483 Alioquin
1320 2418 1452 2466 enim
1500 2418 1663 2467 oratio
1709 2419 1789 2474 vix
1822 2421 1979 2470 tantis

196 2556 199 2559 Ι
286 2489 523 2547 sordibus
560 2495 701 2541 esset
737 2495 1084 2555 conspurcata.
1157 2489 1490 2542 Occasionem
1511 2494 1679 2541 autem
1707 2495 1762 2540 et
1787 2505 1978 2559 oppor-

286 2562 556 2613 tunitatem
604 2563 713 2611 eius
759 2562 1058 2617 conficiendi
1092 2562 1172 2611 vix
1207 2561 1492 2614 dubitamus
1530 2562 1649 2626 quin
1686 2561 1848 2611 Stoici
1881 2577 1978 2628 po-
2048 2587 2058 2603 τ

283 2632 536 2691 tissimum
585 2632 847 2695 dederint,
883 2634 1131 2698 siquidem
1166 2634 1266 2682 iam
1310 2633 1412 2683 illis
1460 2634 1778 2697 temporibus
1814 2632 1978 2685 abiis

283 2703 430 2757 locus
465 2704 531 2761 de
564 2705 830 2773 precibuS‚
867 2722 896 2754 a
932 2705 1302 2770 posterioribus
1338 2704 1489 2753 huius
1541 2705 1749 2757 scholae
1797 2706 1973 2762 amicis

281 2775 423 2831 miro
461 2776 630 2830 studio
674 2775 1059 2840 frequentatuS‚
1107 2776 1342 2828 subtilius
1401 2775 1680 2840 explicatus
1739 2782 1844 2830 est:
1904 2777 1972 2830 de

282 2861 382 2910 qua
417 2862 477 2905 re
513 2863 626 2904 mea
662 2847 863 2912 quidem
900 2849 1152 2901 sententia
1183 2851 1328 2897 recte
1366 2845 1585 2898 dubitari
1628 2863 1730 2898 ιιοιι
1776 2853 1969 2913 potest.
2056 2843 2057 2846 ¹

279 2917 461 2983 Itaque,
536 2917 813 2971 verisimile
856 2965 858 2967 ,
895 2924 1131 2985 putamus
1204 2920 1510 2984 scriptorem
1583 2923 1812 2975 nostrum
1888 2937 1971 2969 ar-

275 2993 567 3054 gumentum
605 2994 712 3046 tum
762 2991 1009 3056 temporis
1045 2989 1191 3040 valde
1228 2991 1540 3043 celebratum
1579 2991 1859 3057 arripuisse
1893 2997 1972 3042 at-
2049 3027 2052 3058 3

274 3074 375 3122 que
445 3076 538 3117 suo
596 3061 812 3127 quodam
877 3062 1030 3119 modo
1100 3063 1413 3115 tractavisse.
1521 3062 1663 3126 Quae
1689 3062 1697 3065 ”
1745 3064 1969 3128 suspicio
2048 3110 2049 3116 ,

275 3131 431 3186 etiam
487 3147 550 3189 eo
604 3131 957 3194 confirmatur,
1017 3133 1152 3200 quod
1209 3133 1341 3197 apud
1384 3135 1669 3185 Arrianum
1728 3139 1783 3184 et
1838 3134 1968 3199 Epi-
2046 3138 2048 3142 ’

275 3207 500 3275 vietum,
561 3204 647 3262 ubi
707 3205 875 3278 agitur
931 3204 996 3266 de
1044 3205 1312 3281 precibus,
1370 3206 1552 3264 similia
1605 3206 1848 3281 quaedam
1891 3206 1971 3258 λιι-ι
2044 3227 2045 3230 “

276 3339 343 3347 Μ

353 3440 400 3493 Ι’)
434 3444 483 3493 ν,
514 3443 842 3493 Schneider,
874 3448 927 3491 ad.
963 3450 1150 3497 anabau.
1180 3463 1222 3505 p.
1254 3453 1322 3501 93,
