2066 3666
647 169 695 221 A
705 165 836 223 ztcl
851 165 896 218 B
909 165 1145 223 muns
1198 165 1234 219 1.
1672 163 1792 225 {lu

87 314 254 364 etiam
303 309 582 364 honestum
634 312 890 360 censetur.
963 303 1123 371 Quod·
1143 308 1327 360 sautem
1373 304 1651 364 honestum
1685 311 1797 372 ast„

88 386 230 435 idem
278 384 433 433 etiam
480 383 684 433 boum
704 408 720 425 ι
744 379 893 430 ΥΝιιιιι
941 393 1246 443 quanquam.
1272 392 1371 444 pro
1413 382 1550 432 ‚varia
1593 382 1797 442 ratione

93 473 194 508 una
230 456 509 519 eademque
541 454 721 501 res-et
754 448 887 502 bona
922 455 977 498 et
1019 449 1162 504 mala·
1182 449 1343 498 videri
1379 458 1603 515 potest,
1634 452 1797 505 veluti

95 545 251 594 quum
286 528 398 590 quis
435 521 766 583 fortitudine,
803 535 934 587 quae
968 536 1065 586 per
1093 523 1161 569 ‘se
1196 526 1280 571 est
1315 522 1445 571 bona
1483 531 1539 572 et
1559 524 1794 586 honesta,

87 607 314 651 mortem
350 597 448 648 sibi
493 590 776 654 accelerat,
828 592 963 658 quod
997 594 1049 645 in
1083 592 1228 642 malis
1264 601 1577 654 numeratur,
1625 602 1795 646 tamen

95 677 345 737 quatenus
391 667 511 731 quid
555 666 832 720 honestum
888 671 1003 724 est,
1066 670 1278 716 eatenus
1332 668 1490 721 etiam
1546 667 1595 715 in
1650 668 1796 717 bouis

84 743 323 792 ducitur«
385 741 462 790 lta
489 736 743 788 fortitudo
769 753 865 803 per
889 752 949 787 se
980 738 1226 797 boua=est,
1251 734 1379 791 adeo
1404 745 1461 792 ut
1480 753 1628 793 nemo,
1658 740 1799 803 quis-

87 823 245 879 ·quam
282 811 451 879 paullo
487 810 745 859 cordatior
780 812 893 858 eam
939 807 1022 858 vel
1058 823 1181 857 :cum
1227 808 1337 872 ipsa
1380 811 1483 859 vita
1517 811 1639 858 velit
1676 827 1798 876 per-

96 892 333 943 mutare3*
371 878 613 933 timiditas
659 885 828 931 autem
874 887 928 929 et
961 880 1156 944 ignavia
1191 882 1416 930 maximis
1454 882 1600 931 malis
1636 897 1798 931 annu-

95 962 348 1014 meratur3
397 969 563 1017 eoque
611 953 703 1013 fit,
745 958 818 1002 ut.
851 950 981 1008 hanc
1034 966 1211 1008 omnes
1261 960 1592 1013 aversentur3
1637 954 1797 1015 illam,

95 1029 319 1092 quamvis
355 1039 723 1090 saepenumero
759 1040 875 1074 cum
910 1024 1044 1072 vitae
1078 1024 1273 1073 iactura
1307 1026 1651 1087 coniunctam,
1705 1041 1798 1075 co-

95 1100 204 1150 lant
236 1106 390 1162 atque
426 1095 820 1163 magnifaciant.
892 1096 973 1146 Ex
999 1109 1107 1159 quo
1144 1094 1478 1162 consequitur
1514 1099 1650 1147 iusta
1686 1113 1796 1147 om-

95 1173 180 1222 nia
212 1186 332 1222 esse
370 1171 516 1230 bona,
558 1185 724 1233 neque
761 1169 1038 1218 bonitatem
1074 1173 1229 1232 atque
1263 1167 1590 1226 honestatem
1627 1171 1799 1230 seiun—

96 1244 153 1310 gi
198 1260 230 1293 a
277 1259 335 1293 se
379 1242 594 1292 invicem
629 1248 783 1304 atque
825 1240 998 1288 divelli
1034 1255 1203 1304 posse,
1225 1235 1307 1308 ¹¹⁵).
1379 1240 1476 1290 nis
1515 1241 1800 1307 explicatis,

96 1317 251 1366 etiam
286 1315 384 1364 alia
418 1313 737 1378 subiungitur
772 1311 1283 1372 rei‘demonstratio,
1318 1308 1801 1367 manifesto'tameu

75 1387 248 1437 .ducta
283 1386 371 1436 illa
406 1401 468 1434 ex
500 1382 774 1435 verborum
807 1384 1157 1449 ambiguitate.
1230 1384 1330 1447 Qui
1364 1385 1496 1434 bene
1529 1386 1666 1451 agit,
1715 1387 1801 1436 in-

97 1460 209 1523 quit
260 1457 529 1518 Socrates,
590 1456 636 1507 is
685 1457 864 1506 beatus
922 1460 1022 1505 est.
1105 1454 1382 1505 Enimvero
1430 1448 1489 1507 εὖ
1535 1450 1802 1525 πράττειν

97 1535 333 1596 apertum
370 1535 456 1579 est
475 1525 668 1594 duplici
690 1528 1061 1593 significatione
1084 1526 1323 1592 intelligi,
1359 1532 1418 1577 ut
1455 1529 1525 1577 sit
1563 1534 1619 1578 et
1654 1535 1804 1579 recte

100 1617 256 1667 agere
305 1606 361 1650 et
407 1615 659 1665 prospera
703 1601 779 1648 uti
814 1598 1035 1651 fortuna.
1109 1597 1213 1647 Sed
1237 1599 1363 1654 -9hoc
1413 1598 1804 1666 significationis

98 1673 389 1725 discrimine
423 1673 664 1736 neglecto
696 1670 937 1720 Socrates
972 1671 1046 1719 ita
1082 1670 1252 1735 pergit
1280 1672 1595 1726 ratiocinari.
1662 1673 1803 1723 ‘Bea-
1852 1712 1853 1715 η

97 1751 182 1796 tus
218 1745 304 1808 qui
338 1744 553 1803 dicitur,
602 1743 648 1792 is
686 1742 806 1792 boni
842 1740 1029 1808 gaudet
1064 1742 1407 1807 possessione.
1479 1744 1622 1810 Ergo
1658 1750 1807 1795 recte

100 1831 256 1882 agere
293 1816 476 1865 bouum
516 1820 614 1864 est.
687 1812 829 1864 Idem
876 1830 999 1863 vero
1046 1815 1201 1863 etiam
1234 1814 1507 1866 honestum
1544 1823 1808 1870 censetur.

100 1889 282 1953 ltaque
329 1888 513 1936 bonum
562 1892 618 1935 et
663 1885 935 1936 honestum
984 1886 1080 1935 hac
1123 1901 1328 1952 quoque
1365 1891 1806 1954 argumentatione

99 1975 254 2010 uuum
300 1958 537 2023 idemque
584 1973 702 2007 esse
753 1959 1015 2011 evincitur.
1099 1957 1204 2008 lam
1261 1975 1383 2008 vero
1423 1961 1631 2011 ‚bonum
1676 1961 1807 2011 utile

102 2037 205 2091 est,
241 2030 477 2095 idemque
512 2036 660 2078 antea
692 2029 906 2079 vidimus
942 2030 1094 2086 etiam
1131 2029 1198 2078 de
1230 2030 1367 2081 iusto
1403 2032 1615 2082 iudicari
1651 2049 1807 2098 opor-

100 2109 232 2153 tere.
304 2101 384 2150 Ex
436 2116 535 2166 quo
570 2106 787 2166 apparet
833 2102 1168 2151 iustitiam
1212 2103 1288 2151 ab
1332 2103 1640 2154 utilitate
1684 2108 1837 2156 uon'

102 2189 257 2225 esse
305 2173 698 2232 seiunctam,
747 2188 842 2222 nec
878 2173 992 2222 fieri
1028 2189 1243 2238 unquam
1279 2189 1466 2241 posse,
1520 2180 1578 2227 ut
1612 2177 1809 2228 iustitia

102 2261 199 2314 per
234 2257 294 2298 81:
329 2251 562 2309 spectata
597 2244 810 2294 subinde
846 2244 975 2293 mala
1013 2245 1081 2295 sit
1115 2244 1172 2275 *¹*
1187 2241 1228 2312 ).

242 2316 460 2367 Fatetur
505 2317 604 2366 iam
649 2315 937 2366 Alcibiades
993 2333 1052 2366 se
1099 2321 1335 2383 tanquam
1386 2318 1637 2385 vertigine
1688 2335 1807 2371 cor-

101 2392 307 2455 reptum
333 2388 548 2439 mirifice
582 2387 770 2437 iudicio
807 2402 900 2437 suo
937 2388 1218 2445 fluctuare„
1275 2390 1423 2454 Quod
1441 2390 1685 2443 Socrates
1721 2410 1806 2443 ar-

103 2468 398 2527 gumentum
424 2460 654 2510 inscitiae
692 2461 764 2510 ait
799 2475 935 2520 esse,
972 2460 1221 2523 siquidem
1257 2461 1322 2511 de
1359 2463 1421 2513 iis
1459 2464 1633 2527 rebus,
1679 2480 1805 2530 quas

105 2539 196 2583 aut
230 2538 376 2582 certo
412 2533 825 2597 cognoverimus,
877 2537 964 2581 aut
1000 2532 1239 2583 didicisse
1275 2535 1421 2585 nobis
1469 2550 1571 2586 non
1607 2545 1816 2587 temere

0 2657 1 2667 χ
85 2605 391 2666 -videamur‚
437 2619 538 2657 non
584 2604 839 2655 soleamus
882 2605 1143 2670 ambigere
1178 2606 1494 2673 multumque
1543 2608 1807 2660 dubitare:

103 2677 389 2742 arrogantis
425 2682 595 2727 autem
630 2691 691 2726 ac
726 2693 785 2726 su
823 2676 934 2726 erbi
968 2691 1119 2739 esse,
1157 2692 1220 2727 ea
1255 2680 1459 2730 novisse
1496 2681 1591 2731 sibi
1627 2682 1806 2745 videri,

106 2764 239 2815 quae
272 2762 449 2797 revera
481 2747 697 2801 nescias.
768 2747 912 2798 llam
950 2753 1117 2799 tamen
1146 2749 1398 2802 inscitiam
1434 2753 1657 2809 omnium
1694 2760 1805 2804 tur-

104 2821 367 2888 pissimam
395 2820 709 2885 maximeque
744 2820 942 2871 noxiam
980 2820 1272 2884 arbitratur,
1309 2824 1362 2873 si·
1391 2825 1503 2889 quis
1541 2826 1637 2875 sibi
1673 2827 1809 2876 scire

104 2892 336 2943 videatur
383 2906 470 2940 res
513 2907 718 2959 magnas
766 2898 919 2957 atque
966 2908 1171 2958 graves,
1222 2910 1346 2960 quas
1379 2912 1557 2946 revera
1594 2900 1807 2948 nesciat.

88 2963 163 3021 ,lu
195 2963 376 3014 harum
411 2968 581 3014 autem
619 2977 829 3015 numero
865 2966 1079 3015 maxime
1114 2963 1529 3022 habendasesse
1563 2969 1808 3033 iustitiae,

104 3034 492 3102 pulcritudinis,
556 3034 843 3088 honestatis
897 3041 954 3087 et
1000 3036 1236 3088 utilitatis
1284 3039 1565 3102 rationes,.
1598 3057 1810 3107 quarum

106 3109 194 3175 qui
234 3108 305 3159 tit
337 3105 639 3172 imperitus,
682 3123 801 3161 eum
834 3106 970 3161 baud
1000 3107 1156 3162 dubia
1189 3110 1243 3163 in
1274 3112 1602 3165 maximarum
1635 3129 1809 3166 rerum

194 3332 250 3388 ¹⁸)
309 3334 355 3375 r.
389 3333 485 3380 m.
516 3338 566 3377 c.
594 3355 647 3368 -
680 3338 775 3384 11⁶.
807 3341 855 3383 A·

160 3417 239 3470 ⁸⁶)
297 3421 343 3461 r.
378 3421 476 3466 ιιι.
508 3424 561 3463 Α.
591 3441 650 3455 -
678 3424 731 3467 o.
