2040 3666
700 205 1172 285 uacuas
1375 192 1377 195 ’
1726 218 1822 306 u'

92 377 333 440 iudicari,
379 391 533 443 quum
582 373 646 425 iis
690 371 897 440 pot-ius',
943 377 1130 440 utpote
1174 389 1346 432 rerum
1383 375 1598 425 scientia
1634 374 1798 425 desti-

91 450 246 511 tutis,
283 449 519 498 audaciae
556 447 817 502 temeritas
851 446 1121 495 tribuenda
1154 446 1401 499 rideatur.
1473 447 1616 509 Quae
1635 463 1796 513 quan-
1837 501 1845 510 .

93 538 243 587 quam
288 523 361 600 ita
406 519 541 569 dicta
590 524 736 578 sunt,
770 524 828 566 ut
865 523 1009 566 certe
1047 517 1198 567 animi
1235 519 1601 568 conscientiam
1637 535 1795 584 quan-

97 593 213 641 dam
250 592 312 640 ad
348 592 587 640 virtutem
623 590 814 655 requiri
851 589 1168 653 significent,
1204 594 1374 638 tamen
1415 606 1594 639 rursus
1631 607 1660 639 a
1693 588 1799 639 La·-

94 665 250 715 chete
291 662 648 728 exploduntur.
729 662 806 711 Ac
853 661 1096 710 Socrates
1144 677 1347 729 quoque
1395 661 1461 711 de
1509 661 1607 712 hac
1642 662 1797 711 auda-

93 738 201 785 ciae
239 740 294 785 et
326 733 645 785 fortitudinis
683 731 1006 782 distinctione
1042 733 1234 782 urbane
1267 734 1482 795 iocatur,
1519 750 1666 799 quam
1703 734 1798 783 Ni-

95 808 225 870 ciam
261 808 549 871 suspicatur
583 806 848 871 accepisse
884 822 915 853 a
947 804 1174 853 Damone
1209 822 1336 866 suo,
1384 810 1569 870 utpote
1614 805 1796 855 Prodi-
1830 863 1832 865 ,

34 876 44 895 ⁸
95 879 144 927 ci
188 878 453 944 sophistae
501 878 768 942 discipulo,
853 875 1204 927 Veruntamen
1251 876 1379 925 hanc
1429 877 1538 925 eius
1582 883 1796 927 senten-

89 952 216 1001 'tiam
253 950 563 1016 diligentiori
598 949 937 1014 explorationi
973 948 1334 998 subiiciendam
1365 964 1485 998 esse
1506 949 1800 1000 arbitratur.

236 1021 440 1072 Etenim
476 1021 567 1082 ille
602 1021 835 1086 quoniam
873 1020 1139 1082 scientiam
1174 1021 1353 1070 retulit
1388 1020 1452 1069 ad
1497 1037 1671 1070 earum
1707 1037 1800 1070 ‚re-
1828 1068 1830 1070 ,

92 1110 206 1144 rum
243 1094 466 1145 omnium
502 1087 878 1159 cognitionem,
915 1091 979 1142 ad
1015 1108 1138 1157 quas
1179 1091 1430 1142 humanae
1465 1092 1693 1143 actiones
1711 1108 1800 1142 re·-

29 1218 34 1229 2
92 1165 363 1228 feruutur,
397 1165 643 1215 Socrates
679 1180 744 1214 eo
780 1164 932 1215 modo
957 1163 1101 1214 effici
1123 1163 1456 1226 demonstrat,
1491 1169 1551 1214 ut
1586 1164 1801 1215 fortitu-

28 1242 34 1249 ’
92 1237 214 1292 dine
249 1254 425 1293 omnes
461 1238 686 1303 reliquas
715 1237 933 1287 virtutes
968 1236 1339 1301 comprehendi
1360 1236 1682 1287 statuendum
1712 1237 1801 1299 sit,

95 1309 149 1360 id
173 1311 356 1378 quoda
374 1314 520 1360 recta
537 1310 738 1367 ratione
758 1310 979 1360 alienum
1004 1324 1122 1358 esse
1148 1309 1332 1360 merito
1355 1309 1643 1359 arbitratur.
1678 1308 1798 1359 Utiu

92 1388 181 1431 tur
215 1387 385 1433 autem
431 1381 486 1431 id
529 1380 969 1432 ‘demonstraturus
1005 1380 1102 1430 hac
1139 1381 1593 1446 argumentatione.
1663 1379 1801 1432 For-

29 1482 33 1493 .
92 1453 291 1519 titudo,
338 1455 529 1519 inquit,
578 1459 662 1503 est
709 1470 808 1504 una
867 1451 1111 1520 quaedam
1163 1454 1352 1515 virtus,
1394 1468 1576 1518 -neque
1634 1453 1800 1503 virtus

31 1564 39 1594 ξ
94 1527 291 1588 omnis,
328 1542 480 1592 quum
516 1531 723 1591 praeter
760 1541 874 1575 eam
909 1526 1064 1576 etiam
1101 1524 1399 1590 prudentia,
1435 1525 1647 1587 iustitia,
1684 1525 1802 1592 pie-

93 1604 206 1661 tas,
253 1599 392 1649 inter
417 1598 652 1666 *virtutes
697 1606 1049 1659 numerentur;
1087 1612 1241 1663 porro
1277 1596 1552 1647 metuenda
1588 1613 1648 1647 ea
1684 1602 1800 1647 tan·-

91 1677 203 1720 tum
247 1668 410 1732 aunt,
444 1685 575 1736 quae
621 1676 1015 1735 exspectantur,
1063 1668 1117 1719 id
1162 1673 1245 1720 est
1292 1668 1495 1730 futura,
1537 1683 1640 1719 nou
1673 1670 1802 1720 item

52 1740 65 1750 “
92 1743 387 1810 praesentia
445 1749 502 1793 et
557 1742 872 1807 praeterita3
934 1741 1154 1807 denique
1207 1741 1372 1791 omnis
1433 1742 1666 1792 scientia,
1689 1743 1804 1792 sine

94 1814 206 1865 ullo
225 1815 494 1881 *temporis
550 1814 843 1864 discrimine
889 1830 991 1867 nou
1045 1815 1212 1864 minus
1265 1813 1335 1862 'ad
1388 1814 1684 1879 praesentia
1747 1817 1804 1865 et

93 1888 375 1954 praeterita
396 1941 397 1944 Ἴ
421 1902 571 1952 quam
609 1885 683 1946 ,ad
723 1886 900 1936 futura
948 1887 1210 1952 pertinet,
1256 1886 1418 1935 veluti
1464 1901 1548 1936 ars
1583 1886 1803 1947 medica,

95 1959 437 2023 agricultura,
480 1959 627 2007 aliae.
706 1957 786 2008 Ex
833 1973 935 2022 quo
977 1959 1310 2024 consequitur
1356 1956 1571 2010 eandem
1629 1959 1812 2022 scien-—

93 2031 248 2091 tiam,
302 2031 446 2079 cuius
499 2045 602 2095 ope
636 2028 814 2081 futuro
849 2040 1085 2097 tempore
1119 2029 1391 2080 metuenda
1427 2030 1510 2079 vel
1546 2031 1803 2082 contraria

38 2092 43 2113 ⁹
94 2102 452 2164 diiudicamus,
490 2103 645 2151 etiam
682 2103 1064 2168 praesentiaet
1097 2102 1379 2168 praeterita
1416 2102 1708 2168 complecti,
1744 2102 1799 2153 id

95 2181 211 2236 est,
262 2175 394 2225 bona
435 2178 495 2234 ,et
539 2174 673 2224 mala
719 2175 900 2226 omnia.
972 2174 1107 2226 Hinc
1143 2190 1265 2224 sero
1302 2180 1550 2239 apparet,
1586 2174 1801 2224 fortitu-

23 2268 25 2274 2
93 2247 268 2296 «linem
320 2247 367 2296 si
414 2247 526 2312 quis
572 2246 664 2295 illo
714 2241 868 2295 modo
917 2246 1150 2308 definiat,
1197 2262 1400 2295 omnem
1454 2263 1517 2296 ea
1550 2247 1805 2297 contineri

24 2336 25 2339 ¹
94 2318 372 2381 virtutem,
416 2318 652 2384 quoniam
704 2319 781 2380 is,
826 2318 922 2385 qui.
961 2320 1128 2369 omnia
1174 2319 1309 2368 bona
1349 2324 1505 2384 atque
1540 2319 1672 2368 mala
1709 2333 1804 2369 no·-

94 2392 259 2454 verit,
294 2390 561 2441 universae
595 2390 797 2441 virtutis
834 2391 936 2441 erit
970 2391 1251 2458 particeps.
1321 2389 1398 2440 Ita
1435 2395 1607 2442 autem
1643 2392 1805 2442 mani-

96 2463 290 2513 festum
338 2462 431 2525 lit,
479 2462 798 2527 fortitudinis
829 2464 930 2514 vim
978 2468 1034 2514 et
1066 2468 1298 2515 naturam
1337 2468 1490 2514 antea
1519 2479 1623 2516 non
1656 2469 1807 2516 recte

96 2551 217 2586 esse
249 2534 576 2601 descriptam.
606 2531 660 2602 *)

28 2653 29 2657 ,
235 2606 510 2658 Enimvero
564 2606 814 2657 Socrates
878 2605 979 2656 etsi
1037 2620 1238 2657 omnem
1294 2607 1537 2659 virtutem
1592 2607 1811 2658 scientia

28 2696 29 2706 ³
95 2685 388 2730 contentam
440 2695 558 2729 esse
595 2680 802 2740 statuit,
851 2682 1022 2728 tamen
1057 2680 1347 2745 neutiquam
1386 2678 1595 2729 sustulit
1631 2680 1808 2745 singu·-

28 2791 29 2794 ,
95 2752 258 2802 larum
301 2753 544 2802 virtutum
592 2750 912 2811 discrimina,
959 2766 1128 2817 neque
1167 2767 1281 2820 eam
1316 2752 1809 2818 argumentationem

53 2857 58 2869 .
97 2823 199 2874 huc
235 2824 505 2890 quidquam
541 2822 718 2874 facere
756 2823 1078 2887 arbitramur,
1114 2840 1244 2890 quae
1281 2824 1555 2890 Protagor.
1592 2840 1644 2890 p.
1681 2823 1804 2874 357.

99 2895 161 2945 Ε.
197 2913 308 2961 sqq.
346 2896 564 2962 legitur,
613 2895 863 2961 siquidem
896 2894 1026 2944 haec
1074 2902 1130 2946 et
1164 2897 1278 2962 ipsa
1311 2896 1374 2945 ad
1409 2895 1685 2946 ludendum
1721 2910 1810 2945 so-

103 2967 324 3034 phistam
363 2973 651 3033 comparata
687 2974 785 3017 est.
858 2967 1111 3031 Quocirca
1146 2967 1248 3018 hoc
1292 2968 1411 3018 loco
1445 2967 1642 3018 Niciam
1678 2966 1810 3017 indi-

0 3066 2 3077 ν
98 3046 183 3089 cat
214 3039 531 3089 fortitudinis
576 3040 676 3089 rim
728 3046 784 3091 et
818 3045 1048 3090 naturam
1086 3056 1187 3091 non
1224 3046 1463 3091 accurate
1500 3040 1810 3090 definivisse.

0 3115 2 3155 ἶ
45 3148 60 3177 ,
102 3111 221 3178 lpse
266 3127 390 3161 vero
440 3127 720 3179 quanquam
770 3113 1033 3163 statuebat
1086 3110 1151 3162 ad
1216 3112 1571 3164 fortitudinem
1632 3113 1815 3178 utique

0 3198 5 3243 ς,
46 3178 68 3241 ἕ
98 3184 503 3249 periculosarum
547 3200 719 3235 rerum
765 3183 1031 3235 scientiam
1080 3185 1304 3251 requiri,
1349 3190 1520 3235 tamen
1577 3183 1643 3235 ad
1698 3201 1813 3236 eam

0 3276 3 3289 =>
55 3257 63 3270 ·
100 3254 262 3306 voluit
307 3256 562 3308 accedere
604 3256 760 3310 etiam
804 3257 941 3310 recti
985 3257 1209 3325 bonique
1250 3258 1651 3324 conscientiam,
1698 3259 1816 3311 aino

47 3451 73 3616 f
218 3510 262 3565 ⁶)
292 3514 342 3557 r.
376 3514 473 3555 m.
503 3515 556 3555 A·
585 3532 642 3545 -
672 3514 772 3555 ποι.
805 3514 851 3556 a.
