2066 3666
247 172 354 226 176
812 164 820 168 ⁰
888 168 1303 226 PLATONIS

246 312 528 382 ignorantia
571 313 781 364 versari.
861 311 1041 379 Itaque
1088 313 1483 365 Alcibiadem
1530 313 1748 382 denique
1792 323 1939 383 gra-

247 388 419 439 viter
453 386 822 451 vituperat,
872 386 1036 449 quod
1073 386 1431 436 multorum
1466 387 1746 437 aliorum
1782 402 1939 453 pcr-

250 458 640 510 'versitatem
700 457 1007 507 imitatus
1075 458 1262 522 prius
1334 458 1407 507 ad
1472 460 1938 523 rempublicam

246 528 572 586 accedere
609 528 1021 589 decreverit,
1068 544 1246 593 quam
1285 543 1500 580 eorum
1535 530 1812 594 adeptus
1850 532 1940 581 sit

248 601 616 661 scientiam,
655 614 807 662 quae
842 599 917 649 ad
952 599 1296 665 gerendam
1333 601 1801 665 rempublicam
1839 617 1939 650 ne-

247 672 544 730 cessario
581 671 1017 735 requirantur.
1089 671 1216 719 Nam
1251 671 1352 720 hoc
1389 687 1664 737 quanquam
1701 673 1941 737 plurimo-

244 761 359 800 rum
396 744 466 794 sit
497 743 704 803 vitium,
754 756 784 790 a
829 749 928 807 quo
964 756 1029 791 ne
1062 742 1291 791 Pericles
1330 743 1529 807 quidem
1567 758 1777 808 prorsus
1797 741 1939 792 alie·-

241 833 340 870 nus
383 815 641 875 videatur,
702 816 761 862 ut
810 814 894 877 qui
950 814 1206 863 neminem
1247 814 1400 863 alium
1445 815 1666 864 reddere
1713 816 1942 881 potuerit

245 888 548 956 prudentem
595 901 654 934 ac
703 886 1017 949 sapientem,
1069 890 1237 935 tamen
1282 886 1530 944 eiusmodi
1578 902 1696 937 esse
1740 892 1939 950 censet,

243 965 307 1013 ut
339 961 394 1013 in
428 957 632 1007 homine
669 957 896 1021 ingenuo
923 957 1195 1007 ferendum*
1226 972 1325 1007 non
1360 958 1429 1007 sit
1463 954 1549 1026 *).

389 1030 582 1082 Verum
632 1028 759 1076 haec
809 1030 974 1078 omnia
1026 1031 1126 1079 etsi
1166 1029 1456 1079 Alcibiades
1507 1029 1660 1079 facile
1706 1029 1940 1079 concedit

242 1107 391 1157 recte
436 1102 688 1166 explicata
735 1115 881 1160 esse,
939 1106 1112 1151 tamen
1169 1116 1293 1150 non
1347 1102 1614 1150 multum
1676 1102 1940 1151 referre

233 1175 549 1235 arbitratur,
597 1177 807 1221 utrum
859 1172 1000 1235 quis
1050 1173 1323 1237 sapiens
1365 1173 1465 1222 ¹‘sit
1501 1188 1729 1222 necne:
1779 1173 1940 1238 pluri-

245 1260 359 1300 mos
402 1245 535 1294 enim
571 1242 984 1303 Atheniensium,
1033 1244 1119 1307 qui
1164 1244 1522 1307 rempublicam
1561 1244 1941 1293 administrave-

241 1319 365 1380 rint,
398 1317 557 1381 ipsius
583 1314 812 1363 Socratis
835 1314 1021 1363 iudicio
1057 1314 1212 1364 rudes
1249 1321 1304 1363 et
1319 1315 1554 1379 indoctos
1581 1315 1759 1376 fuisse,
1794 1315 1941 1364 ideo-

244 1403 346 1456 que
379 1389 479 1442 sibi
513 1386 673 1435 videri
693 1401 1117 1451 supervacaneum
1141 1386 1382 1436 discendo
1409 1387 1566 1435 multa
1601 1393 1753 1450 atque
1794 1385 1957 1436 exer?

243 1461 408 1512 cendo
447 1474 655 1523 operam
695 1458 942 1523 perdere,
988 1459 1293 1523 praesertim
1341 1473 1491 1524 quum
1526 1458 1752 1508 futurum
1788 1474 1940 1524 prae-

243 1532 447 1593 videat,
505 1535 572 1580 ut
619 1531 762 1594 ipse
808 1530 1057 1595 ingenii
1102 1531 1202 1579 sui
1245 1532 1665 1595 praestantia
1715 1535 1780 1579 et
1814 1530 1939 1579 'na-

242 1609 446 1656 turae
487 1603 790 1652 bonitate
836 1601 1118 1651 aemulos
1165 1617 1388 1650 omnes
1439 1601 1628 1651 facili
1669 1603 1939 1666 negotio

245 1690 487 1741 supere
500 1678 539 1727 t.
611 1672 691 1722 Ad
726 1673 854 1722 haec
890 1676 1057 1721 autem
1097 1672 1367 1721 Socrates:
1433 1674 1538 1721 Ista
1573 1688 1723 1734 vero,
1759 1674 1939 1736 inquit,

242 1752 335 1799 tua
364 1747 519 1797 animi
554 1744 726 1794 indole
776 1749 831 1793 et
876 1745 1079 1808 ingenio
1124 1759 1335 1808 prorsus
1380 1744 1582 1808 indigna
1628 1748 1761 1795 sunt.
1833 1744 1938 1792 Ne-

243 1834 346 1886 que
393 1819 525 1868 enim
573 1831 686 1866 cum
736 1816 848 1864 unis
896 1815 1224 1876 adversariis,
1282 1816 1366 1878 qui
1417 1816 1467 1863 in
1513 1820 1690 1864 nostra
1734 1816 1938 1864 civitate

245 1895 394 1950 sunt,
433 1890 528 1939 tibi
573 1889 670 1936 erit
718 1887 1150 1947 contendendum3
1209 1886 1300 1935 sed
1350 1887 1502 1935 etiam
1549 1901 1662 1935 cum
1714 1886 1938 1937 externis

241 1962 479 2018 hostibus
527 1958 839 2010 subeundum
897 1964 1184 2019 certamen,
1248 1959 1397 2007 sicuti
1455 1957 1563 2006 fert
1615 1959 1938 2008 consiliorum

242 2040 445 2086 tuorum
493 2030 801 2097 magnitudo,
871 2030 1033 2093 Quum
1077 2024 1233 2095 igitur
1281 2029 1343 2078 iis
1382 2031 1640 2091 omnibus,
1689 2031 1772 2095 qui
1818 2027 1937 2095 quid

241 2105 568 2158 laudabiliter
612 2118 797 2168 gerere
846 2106 902 2151 et
945 2102 1300 2151 administrare
1346 2103 1575 2165 cupiunt,
1637 2101 1697 2149 ad
1747 2104 1938 2166 optima
1998 2164 2001 2165 ⁷
2036 2163 2049 2171 ..

246 2192 475 2244 quaeque
512 2174 801 2224 enitendum
839 2174 931 2233 sit3
967 2179 1075 2223 tum
1112 2173 1222 2233 tibi,
1259 2168 1341 2237 qui
1374 2173 1738 2236 rempublicam
1772 2174 1936 2222 Athe-

242 2249 491 2304 niensium
528 2246 880 2295 administrare
918 2244 1270 2304 constitueris,
1319 2244 1696 2308 haudquaquam
1742 2247 1792 2294 in
1828 2245 1935 2295 vul-
2036 2286 2037 2290 ,

243 2321 449 2387 garibus
498 2319 612 2368 istis
663 2322 749 2367 aut
793 2316 1135 2388 mediocribus„
1177 2315 1354 2376 studiis
1406 2316 1778 2365 subsistendum
1836 2321 1934 2378 est,
2019 2316 2043 2331 ”

211 2435 214 2437 Α
245 2392 341 2443 sed
387 2391 439 2440 id
476 2391 654 2456 potius.
684 2389 959 2455 agendum,
1004 2392 1061 2436 ut
1097 2402 1242 2451 quam
1280 2389 1491 2436 maxime
1530 2389 1719 2437 virtute
1742 2404 1814 2449 fac
1853 2405 1933 2437 sa-

243 2464 438 2532 pientia
474 2462 722 2522 excellas,
761 2475 859 2531 quo
899 2461 1132 2525 superior
1167 2458 1345 2507 evadas
1383 2460 1463 2520 iis,
1502 2460 1586 2524 qui
1621 2461 1933 2525 reipublicae

239 2540 451 2589 nostrae
502 2535 716 2582 maxime
766 2531 978 2599 timendi
1023 2536 1168 2591 sunt,
1225 2530 1734 2580 Lacedaemoniorum
1784 2537 1935 2594 atque

221 2607 515 2657 -Persarum
541 2606 764 2670 regibus.
839 2603 943 2652 Sed
979 2619 1073 2652 nec
1108 2602 1203 2651 hac
1228 2604 1458 2650 oratione
1478 2604 1776 2667 reprimitur
1811 2604 1933 2652 ado·
2022 2647 2027 2654 .

245 2678 491 2731 lescentis
545 2676 808 2740 superbia,
866 2676 949 2739 qui
995 2674 1265 2723 Persarum
1321 2679 1374 2723 et
1421 2673 1933 2739 Lacedaemoniorum

224 2747 398 2816 reges
435 2748 707 2797 arbitratur
742 2747 949 2796 aliarum
986 2745 1466 2809 rerumpublicarum
1504 2747 1809 2810 principibus
1854 2749 1933 2796 ni·-

241 2821 350 2878 hilo
392 2836 509 2870 esse
546 2819 801 2868 meliores.
876 2819 1195 2882 Quapropter
1222 2816 1460 2865 Socrates
1495 2819 1592 2865 iam
1630 2819 1680 2866 id
1719 2819 1840 2883 agit,
1877 2824 1936 2868 ut
2015 2859 2043 2884 <-

240 2894 436 2963 prolixa
483 2892 713 2939 oratione
762 2890 943 2939 doceat
983 2895 1123 2938 tanta
1173 2903 1289 2936 esse
1336 2904 1515 2953 regum
1563 2889 1763 2938 illorum
1804 2891 1934 2941 bona

240 2971 300 3015 et
347 2963 634 3029 commoda,
682 2967 739 3010 ut
775 2961 1359 3023 Alcibiades,.·›quamvis
1407 2961 1607 3025 generis
1651 2962 1931 3024 nobilitate,
2013 2937 2043 3002 Γ(

241 3037 568 3096 educatione,
619 3033 897 3082 divitiarum
936 3033 1288 3097 possessione,
1341 3031 1452 3080 aliis
1501 3033 1669 3094 boniS,
1716 3035 1929 3083 maxime
2013 3060 2015 3067 ν

245 3108 531 3172 superbiat,
577 3111 748 3155 tamen
795 3121 904 3153 cum
951 3105 1050 3153 illis
1093 3102 1278 3151 nullam
1324 3104 1494 3152 subire
1539 3109 1688 3167 queat
1725 3121 1929 3168 compa-

239 3181 506 3229 rationem.
577 3178 687 3242 Qua
733 3176 935 3240 quidem
979 3175 1412 3242 argumentatione
1457 3177 1928 3243 superbissimo

299 3414 379 3469 μ’)
434 3418 482 3459 Ρ.
505 3418 614 3460 11⁶.
642 3437 700 3449 -
729 3417 784 3460 D.
816 3418 911 3456 119.
941 3418 995 3458 A.
1148 3442 1157 3447 ,
