2066 3666
294 187 401 239 172
852 232 854 237 ,
921 182 1344 239 PLAToN-ls

292 327 451 377 dicari
487 330 741 392 oporteat,
759 364 761 366 ψ
778 325 998 379 dilucide
1034 327 1317 395 apparebit.
1387 328 1462 394 Et
1485 336 1837 397 argumentum
1876 335 1990 401 qui-

290 398 409 450 dem
445 399 563 448 libri
597 398 835 451 hoc-est.
1475 420 1485 423 ·
1734 424 1739 430 ¹
1824 440 1827 443 -

432 483 488 534 In
525 485 732 534 exordio
769 485 1039 542 sermonis-f
1056 483 1299 536 Socrates
1335 485 1674 550 Alcibiadem,
1711 486 1808 541 sibi
1842 487 1988 541 forte

288 556 485 607 obviam
521 557 840 617 venientem,
876 558 947 606 ita
983 556 1280 623 alloquitur.
1314 556 1590 609 Miraberis
1627 560 1872 624 fortasse,
1906 561 1988 613 in-

287 629 416 695 quit,
453 627 591 694 quod
618 644 740 694 ego,
777 630 863 693 qui
900 629 1095 706 primus
1130 629 1247 678 fere
1283 633 1353 678 te
1374 632 1672 694 amaverim,
1708 647 1857 695 nunc,
1891 647 1987 697 po-

288 705 551 767 steaquam
585 699 750 749 ceteri
788 708 1042 750 amatores
1076 701 1153 750 tui
1187 705 1244 750 te
1279 700 1645 765 deseruerunt,
1694 705 1986 768 neutiquam

286 787 319 822 a
365 777 420 822 te
452 771 764 821 abalienatus
803 784 960 834 sum,
1017 772 1111 828 scd
1152 778 1275 838 post
1322 776 1426 822 tam
1462 774 1649 824 multos
1685 790 1840 826 annos
1886 776 1986 826 iam

286 849 345 894 te
391 859 569 894 rursus
617 843 892 908 compello.
964 843 1112 906 Quod
1156 850 1330 893 autem
1372 844 1454 893 his
1489 847 1730 910 proximis
1766 847 1909 899 annis
1953 863 1986 900 a

285 914 657 966 consuetudine
691 919 779 964 tua
814 918 869 964 et
901 913 1249 965 familiaritate
1283 916 1534 978 abstinui,
1572 918 1680 967 eius
1716 918 1796 967 rei
1830 933 1984 972 causa

284 1001 388 1038 non
423 986 641 1036 humana
672 986 964 1051 quaedam,
995 987 1090 1037 sed
1141 986 1305 1038 divina
1351 987 1479 1049 fuit,
1530 989 1596 1038 de
1638 1002 1739 1053 quo
1786 995 1984 1054 postea.

284 1057 435 1110 Nunc
480 1073 602 1107 vero
649 1058 775 1109 nihil
823 1057 953 1121 fnit,
1017 1058 1151 1124 quod
1194 1075 1278 1108 me
1325 1060 1655 1125 prohiberet,
1719 1062 1984 1124 quominus

284 1143 465 1179 rursus
500 1128 564 1178 ad
598 1134 654 1178 te
689 1130 1007 1193 accederem,
1039 1139 1206 1196 neque
1240 1131 1598 1196 inposterum
1634 1132 1865 1181 futurum
1900 1149 1984 1182 αι’-.-

282 1201 466 1256 bitror.
539 1200 743 1267 Interea
771 1206 970 1261 autem,
1015 1202 1268 1265 quomodo
1315 1206 1371 1251 te
1419 1219 1539 1268 erga
1576 1209 1828 1253 amatores
1864 1209 1983 1255 tuos

251 1286 256 1290 ·
283 1284 525 1341 gereres,
575 1272 806 1322 studiose
843 1274 1155 1335 observavi,
1182 1278 1334 1336 atque
1368 1274 1696 1325 animadverti
1725 1276 1985 1328 ‘neminem

279 1345 489 1396 illorum
533 1343 722 1406 fuisse,
778 1346 895 1411 quin
943 1346 1180 1411 superbia
1234 1350 1323 1394 tua
1376 1351 1430 1395 et
1487 1347 1774 1412 arrogantia
1822 1363 1851 1396 a
1904 1347 1982 1401 tui

281 1423 458 1472 amore
505 1422 836 1471 averteretur.
911 1415 1108 1467 Causae
1151 1423 1348 1479 autem,
1409 1433 1501 1467 cur
1548 1433 1638 1467 eos
1684 1419 1811 1469 adeo
1856 1435 1979 1469 con-

279 1493 543 1545 temneres
587 1505 646 1539 ac
694 1487 1020 1554 despiceres,
1075 1489 1174 1538 hae
1218 1488 1449 1542 fuerunt.
1525 1489 1679 1540 Putas
1731 1492 1864 1548 enim
1922 1496 1979 1542 te

279 1561 469 1612 nullius
505 1561 723 1610 hominis
760 1576 860 1627 ope
894 1566 949 1610 et
984 1561 1166 1610 auxilio
1201 1560 1460 1627 indigere,
1510 1578 1663 1627 quum
1700 1566 1755 1612 et
1791 1577 1980 1627 corpo-

276 1634 352 1682 ris
392 1639 445 1683 et
480 1634 631 1682 animi
665 1633 798 1682 bona
817 1633 1068 1682 cumulata
1103 1632 1309 1682 habeas.
1381 1631 1508 1682 Nam
1546 1638 1605 1682 ut
1635 1634 1864 1684 omittam
1901 1634 1978 1683 di-

275 1705 454 1766 vitias,
491 1705 671 1770 quibus
703 1715 804 1754 non
839 1704 968 1753 adeo
1004 1705 1216 1753 multum
1252 1705 1480 1753 tribuere
1516 1705 1732 1767 videriS,
1771 1710 1826 1756 et
1860 1705 1978 1771 pul-

281 1776 535 1826 critudine
573 1781 660 1824 tua
699 1781 752 1825 et
787 1777 990 1841 generis
1027 1775 1290 1825 nobilitate
1339 1781 1395 1825 et
1431 1782 1784 1841 cognatorum,
1828 1791 1979 1841 prae-

277 1849 435 1913 cipue
468 1847 713 1909 PericliS,
751 1848 980 1914 potentia
1017 1851 1169 1910 atque
1206 1848 1512 1910 auctoritate
1547 1849 1760 1898 maxime
1797 1864 1980 1914 super-
2058 1869 2063 1877 ’

275 1920 390 1971 hire
428 1919 750 1969 consuevisti.
823 1919 935 1968 Hac
972 1923 1140 1967 autem
1177 1919 1412 1983 superbia
1459 1923 1546 1968 tua
1582 1937 1734 1985 quum
1771 1925 1978 1972 ceteros
2040 1979 2058 1985 „

274 1996 529 2042 amatores
577 2005 754 2040 omnes
805 2007 835 2040 a
881 1996 937 2040 te
990 1990 1334 2051 deterrueris,
1393 1992 1688 2041 miraturum
1746 1996 1801 2041 te
1857 2008 1979 2044 esse

276 2064 543 2125 existimo,
594 2079 686 2111 cur
722 2079 820 2128 ego
857 2067 912 2112 te
947 2078 1117 2111 amare
1152 2078 1253 2111 non
1289 2062 1528 2115 desinam.
1599 2063 1681 2113 Ad
1714 2063 1843 2113 haec
1878 2064 1973 2114 Al-

274 2134 528 2185 cibiades:
602 2133 717 2184 Hoc
759 2135 927 2200 ipsum
965 2150 1061 2200 ego
1097 2139 1155 2184 te
1189 2133 1419 2184 volebam
1455 2135 1802 2200 interrogare,
1852 2135 1973 2201 quid

273 2207 478 2257 tandem
515 2223 724 2271 sperans
760 2212 912 2271 atque
950 2208 1178 2271 cogitans
1214 2222 1296 2256 me
1331 2212 1581 2271 perpetuo
1620 2207 1863 2270 secterIS,
1902 2208 1974 2258 ita

190 2293 194 2295 ’
273 2284 362 2341 nt,
413 2279 700 2342 ubicunque
746 2294 953 2340 versor,
1016 2279 1088 2328 ibi
1129 2283 1186 2327 tu
1233 2293 1435 2343 quoque
1472 2294 1792 2342 compareas
1877 2279 1973 2330 Cui

270 2350 549 2402 Socrates:
623 2351 788 2414 Quum
827 2365 952 2416 ergo
986 2349 1087 2400 hoc
1125 2351 1257 2401 scire
1293 2366 1468 2410 aveas,
1504 2349 1735 2412 facilem,
1771 2352 1971 2416 opinor,

262 2423 399 2473 mihi
434 2422 624 2472 dicenti
659 2422 927 2487 praebebis
963 2438 1137 2471 aurem
1147 2438 1161 2478 3
1198 2437 1478 2486 quanquam
1513 2438 1608 2488 ego
1646 2423 1971 2487 quemadmo-
2015 2440 2018 2443 ·

271 2495 391 2544 dum
438 2510 593 2560 aegre
639 2494 773 2545 hunc
822 2509 1109 2544 sermonem
1157 2494 1382 2554 institui,
1438 2494 1511 2543 ita
1563 2511 1720 2559 aegre
1769 2494 1970 2545 dicendi

269 2567 426 2617 finem
462 2567 725 2619 inveniam.
796 2565 998 2615 Dudum
1032 2570 1203 2616 autem
1238 2581 1384 2614 meus
1421 2581 1543 2630 erga
1586 2571 1641 2616 te
1677 2581 1824 2622 amor,
1855 2582 1971 2617 eva-

270 2640 500 2698 nuisset,
551 2639 596 2688 si
642 2642 698 2687 te
742 2639 806 2688 iis
857 2639 1032 2698 boniS,
1080 2652 1208 2702 quae
1241 2636 1393 2690 modo
1431 2639 1848 2699 commemoravi,
1885 2654 1970 2689 ac-

270 2712 541 2777 quiescere
577 2710 832 2759 vidissem.
904 2709 1050 2759 Nunc
1085 2723 1207 2757 vero
1245 2713 1300 2758 te
1334 2708 1493 2759 multo
1516 2710 1706 2763 maiora
1727 2716 1968 2775 spectare

271 2788 430 2848 atquc
468 2782 696 2847 cogitare
734 2783 856 2831 scio.
931 2781 1207 2832 Existimas
1247 2781 1382 2830 enim
1417 2785 1497 2842 te,
1539 2782 1842 2844 simulatque
1877 2798 1965 2832 re-
2048 2815 2050 2817 -

267 2854 366 2906 bus
404 2853 620 2918 publicis
658 2854 914 2902 interesse
949 2867 1124 2916 queaS,
1164 2851 1216 2900 id
1253 2852 1388 2915 quod
1422 2853 1564 2903 brevi
1598 2853 1827 2903 futurum
1866 2858 1965 2916 est,
2048 2858 2049 2915 j

268 2929 519 2992 protenus
555 2925 952 2976 Atheniensibus
990 2923 1476 2984 demonstraturum,
1521 2926 1720 2989 quantis
1755 2925 1965 2975 honori-
2046 2965 2047 2972 ,

267 2998 366 3049 bus
420 2997 599 3062 dignus
647 2997 750 3058 sis,
804 2996 1024 3061 ideoque
1072 3010 1188 3044 mox
1242 2994 1306 3048 ad
1354 3000 1548 3046 tantum
1590 2998 1848 3061 potentiae
1905 3002 1963 3050 et
2044 3023 2047 3063 ς

268 3069 589 3119 auctoritatis
634 3067 893 3133 fastigium
941 3082 1297 3127 escensurum,
1352 3073 1410 3124 ut
1469 3084 1569 3119 non
1627 3068 1777 3118 modo
1826 3071 1962 3118 inter
2043 3070 2045 3083 ²

269 3141 532 3202 Graecos,
565 3139 660 3189 sed
698 3141 848 3190 etiam
884 3141 1018 3188 inter
1052 3139 1323 3200 barbaroS,
1367 3139 1595 3203 adeoque
1631 3156 1726 3205 per
1760 3143 1960 3191 univer-
2042 3147 2043 3195 ἶ

268 3230 383 3262 sum
430 3217 682 3262 terrarum
731 3212 905 3260 orbem
956 3211 1161 3260 futurus
1208 3211 1278 3259 sis
1326 3211 1478 3276 longe
1515 3211 1959 3261 celebratissimus.
2018 3223 2027 3231 ²

266 3283 374 3334 Iam
411 3286 456 3334 si
491 3284 710 3350 qua-eris,
746 3299 836 3333 eur
873 3299 970 3348 ego
1009 3290 1062 3331 te
1099 3289 1202 3331 tam
1238 3281 1339 3331 alta
1375 3288 1694 3348 spectantem
1731 3299 1832 3333 non
1867 3284 1958 3333 de—

260 3372 472 3417 seram,
510 3371 710 3405 causam
746 3357 825 3405 rei
858 3370 1056 3404 omnem
1094 3353 1186 3403 tibi
1222 3354 1445 3418 aperiam
1481 3355 1692 3408 candide
1724 3361 1781 3405 et
1814 3357 1959 3421 inge-

258 3442 386 3480 uae.
458 3427 591 3480 Puto
641 3428 772 3491 enim
826 3431 892 3480 te
941 3428 1081 3481 siue
1125 3440 1261 3480 meu
1299 3428 1549 3481 auxilio
1599 3441 1721 3481 non
1757 3443 1961 3495 posse
