2066 3666
247 189 388 240 170.
471 228 473 230 ,
723 227 836 237 ,.,.,,.,
884 188 1302 245 PLATQMS.
1342 237 1346 240 .
1395 231 1401 235 -
1496 235 1500 237 .

243 331 447 382 storiam
485 329 855 394 pertinentibus
901 331 984 379 vel
1030 332 1081 380 in
1116 333 1495 397 argumentandi
1531 337 1724 385 ratione
1759 339 1842 388 vel
1889 341 1940 390 in

240 419 413 453 rerum
460 402 766 459 tractatione
814 406 867 451 et
903 403 1256 467 disputationis
1294 406 1504 454 materia
1546 407 1939 472 deprehendere

240 476 339 525 sibi
375 475 468 522 xisi
497 478 628 525 snut.
701 467 810 523 Nec
846 479 1016 522 tamen
1042 473 1210 523 defuit
1246 477 1330 543 qui
1354 475 1592 528 desertae
1622 479 1938 546 relictaeque

241 556 423 595 causae
458 545 791 610 patrocinium
822 545 1126 608 susciperet.
1198 545 1408 597 Exstitit
1445 550 1577 598 enim
1610 551 1778 616 paullo
1817 558 1936 618 post

241 616 420 670 boch
437 632 591 667 erus
614 613 708 682 *)
756 617 840 680 qui
889 617 988 664 etsi
1024 618 1219 680 singula
1255 621 1587 673 accusationis
1632 623 1798 686 capita
1834 639 1934 673 non

240 693 322 739 est
357 692 728 753 persequutus
744 692 931 738 tamen
974 689 1148 738 subtili
1183 687 1527 757 disputatione
1565 694 1805 755 ostendit
1839 711 1935 759 qua

211 762 435 813 vratione
471 760 600 807 fides
635 735 754 807 libri
788 758 838 806 in
862 774 1089 823 magnam
1116 762 1456 827 suspicionem
1495 763 1698 814 adducti
1733 770 1933 815 susten-

234 834 334 882 tari
382 836 575 897 posset.
659 833 735 879 Ac
778 828 1002 882 fatemur
1050 832 1193 881 nobis
1259 832 1459 897 quidem
1514 849 1712 884 causam
1772 837 1934 887 videri

233 903 455 956 nondum
517 901 580 954 ad
641 899 887 964 liquidum
941 902 1238 966 peiductam
1290 904 1539 969 planeque
1591 906 1928 959 diiudicatam.

232 977 487 1043 Quocirca
535 989 646 1022 eam
693 973 859 1023 denuo
906 975 998 1022 sub
1049 988 1260 1038 examen
1304 991 1487 1024 vocare
1538 977 1728 1042 placuit
1775 985 1930 1043 atque

233 1047 472 1130 experiri
492 1061 625 1103 ιιιιιιι
663 1044 805 1106 sorte
832 1045 1174 1107 dubitationes
1212 1051 1273 1110 et
1296 1050 1687 1133 controyecsiae
1696 1051 1778 1100 ab
1806 1067 1929 1103 acu-..-

230 1116 442 1170 &issimis
476 1111 771 1167 hominibus
806 1116 988 1165 motae
1014 1112 1180 1190 aliquo
1217 1108 1377 1171 modo
1393 1120 1629 1185 componi
1660 1127 1918 1187 possent.
1962 1119 1965 1123 ’

374 1189 528 1238 Plura
590 1192 759 1236 autem
810 1203 997 1252 genera
1058 1187 1184 1251 sunt
1230 1191 1672 1254 argumentorum,
1745 1194 1926 1258 quibus

232 1262 416 1327 scripti
465 1259 674 1313 alicuius
710 1259 960 1313 Platonici
995 1261 1271 1311 auctoritas
1320 1260 1526 1310 defendi
1562 1265 1742 1327 possit.
1816 1265 1928 1314 Pri-

229 1350 366 1384 mum
416 1333 550 1381 enim
597 1332 784 1396 ipsum
814 1331 1054 1394 loquendi
1089 1348 1266 1398 genus
1300 1335 1676 1384 examinandum
1725 1340 1833 1399 est,
1876 1337 1928 1386 iu

228 1421 330 1475 quo
379 1406 424 1454 si
459 1403 581 1472 quid
617 1403 1074 1468 deprehenditur,
1094 1404 1228 1470 quod
1275 1404 1357 1454 vel
1401 1406 1463 1454 ab
1512 1406 1669 1473 ipsius
1702 1373 1926 1477 scripto-

225 1470 305 1529 ris
336 1475 702 1532 consuetudine
738 1474 948 1526 recedat
981 1476 1063 1527 ιθί,
1101 1492 1162 1524 ea
1198 1479 1397 1539 aetate,
1443 1484 1541 1544 qu'a
1581 1472 1781 1527 literis
1799 1495 1922 1528 con-

225 1550 479 1624 signatum
530 1563 648 1596 esse
694 1543 894 1610 fertur„
943 1546 1201 1612 indignum
1248 1549 1341 1610 sit
1400 1551 1558 1597 nemo
1592 1543 1784 1605 infitias
1830 1544 1927 1600 ibit

225 1614 401 1672 instas
414 1621 580 1676 teneri
607 1619 768 1668 malae
796 1618 1095 1689 suspicionis
1122 1635 1298 1670 causas
1331 1624 1386 1669 et
1410 1622 1650 1670 rationes
1724 1621 1923 1671 Deinde

225 1693 291 1743 de
327 1693 481 1743 rebus
519 1691 581 1739 ad
616 1691 881 1758 historiam
917 1690 1171 1754 pertinen
1157 1688 1288 1739 ibus
1324 1690 1588 1741 videndum
1626 1692 1723 1762 est.
1793 1693 1923 1760 Nau}

224 1766 270 1815 si
307 1781 390 1830 qm
377 1764 427 1812 ld
480 1767 687 1828 praeter
723 1768 922 1814 causam
960 1758 1192 1815 idoneam
1240 1760 1323 1811 vel
1365 1763 1421 1812 in
1468 1753 1662 1819 factis
1675 1769 1731 1830 et
1763 1766 1920 1816 rebus

221 1838 383 1904 gestis
433 1835 516 1884 wel
559 1836 609 1883 in
654 1838 942 1902 temporum
989 1834 1268 1887 rationibus
1314 1829 1559 1899 scriptum
1620 1841 1702 1886 est
1746 1841 1923 1911 contra

220 1913 426 1962 'certam
454 1906 702 1973 historiae
736 1905 922 1964 fidem3
968 1905 1011 1954 si
1051 1905 1168 1971 quid
1206 1907 1314 1954 sine
1350 1904 1600 1982 probabili
1634 1907 1810 1971 aliqua
1835 1918 1918 1958 ra:

217 1982 359 2037 tione
406 1979 582 2028 aliter
607 1978 758 2040 atque
791 1976 929 2027 alias
974 1977 1040 2027 ab
1088 1977 1270 2030 eodem
1319 1976 1574 2045 scriptore
1619 1979 1918 2067 exponitnr3

219 2054 265 2103 si
299 2049 610 2117 philosopho
645 2065 704 2098 ea
737 2048 923 2114 placita
960 2053 1013 2098 et
1050 2042 1258 2097 decreta
1288 2048 1597 2111 tribuuntur,
1635 2065 1766 2115 quae
1789 2057 1916 2101 cum

215 2125 374 2210 ipsius
427 2120 678 2174 Sentiendi
726 2119 1078 2188 cogitandique
1118 2121 1317 2169 ratione
1355 2114 1677 2183 dissentiant3
1730 2124 1916 2172 certis-4

215 2198 344 2246 sima
392 2194 629 2266 profecto
673 2190 969 2242 habebimus
1021 2191 1243 2241 fraudis
1268 2187 1596 2256 documenta,
1651 2209 1779 2270 quae
1830 2192 1915 2243 vel

211 2263 470 2334 indoctum
502 2270 767 2326 ιιιονειιιιιῐ,ι
783 2259 873 2312 ‘nt
900 2263 1157 2328 vulgarem
1207 2260 1291 2312 (1(3
1315 2259 1433 2314 libri
1469 2266 1700 2315 auctore
1718 2262 1913 2330 opinio·

212 2335 330 2414 nem
381 2330 668 2416 suspectam
712 2332 914 2390 habeat.
981 2335 1231 2386 Tertium
1292 2331 1404 2398 est,
1454 2341 1512 2385 ut
1571 2334 1638 2385 de
1691 2338 1914 2391 universi

214 2405 393 2486 operis
425 2413 744 2493 argumento-7
783 2406 1013 2467 consilio
1043 2407 1251 2456 ratione
1287 2410 1341 2457 et
1376 2373 1719 2502 descriptione
1756 2425 1909 2475 quae-

211 2490 369 2551 ratur.
441 2481 623 2546 Neque
659 2481 800 2529 enim
828 2479 944 2528 fieri
972 2478 1080 2529 ullo
1117 2479 1267 2528 modo
1303 2482 1508 2552 potest,
1551 2484 1642 2542 ’,ιιι
1669 2481 1741 2529 si
1778 2477 1914 2544 quod

212 2571 341 2621 opus
379 2558 464 2604 aut
507 2554 558 2602 in
594 2550 860 2601 tractando
909 2550 1076 2615 aliquo
1122 2555 1452 2616 argumento
1468 2544 1729 2612 rersct'ur,
1767 2551 1912 2618 quod

207 2628 292 2679 vel
328 2644 357 2675 a
392 2633 680 2690 temporum
717 2624 916 2675 ratione
940 2622 1215 2672 abhorreat
1249 2622 1333 2672 vel
1363 2624 1627 2692 scriptoris
1658 2622 1911 2696 sentiendi

206 2694 563 2785 cogitandique
598 2694 951 2751 consuetudini
991 2695 1295 2748 contrarium
1319 2695 1421 2757 sit,
1455 2701 1544 2745 aut
1568 2696 1775 2749 centoni
1812 2695 1904 2745 ali-

205 2772 291 2823 cui
340 2769 507 2827 simile
562 2771 619 2817 et
672 2782 746 2816 ex
794 2767 944 2820 variis
987 2766 1147 2822 veluti
1192 2762 1370 2833 pannis
1419 2767 1552 2816 male
1595 2759 1904 2817 contextun‘i

204 2844 343 2894 'omni
377 2841 601 2907 partium
636 2838 983 2894 convenientia
1032 2842 1087 2887 et
1134 2838 1332 2891 consilii
1365 2840 1559 2893 unitate
1595 2843 1746 2904 atque
1783 2839 1904 2903 sim-

203 2915 438 2983 plicitate
486 2915 683 2972 careat,
744 2910 851 2960 tale
895 2910 1055 2975 igitur
1101 2922 1227 2975 opus
1281 2909 1398 2959 fieri
1439 2926 1540 2962 non
1585 2915 1786 2996 potest,
1845 2894 1904 2961 ut

203 2987 405 3038 Platoni
441 2983 639 3035 auctori
673 2987 820 3037 recte
857 2983 1141 3043 tribuatur,
1179 2997 1331 3046 quem
1368 2984 1594 3032 novimus
1634 2987 1688 3038 et
1722 2981 1771 3032 in
1812 2980 1903 3032 (1εὲ

201 3058 405 3124 ligenda
441 3053 696 3107 scribendi
730 3054 945 3103 materia
980 3058 1035 3103 et
1064 3018 1414 3103 describendis
1439 3054 1903 3118 connectendisque

203 3130 416 3196 singulis
454 3142 668 3192 operum
704 3140 911 3174 suorum
957 3126 1185 3190 partibus
1223 3126 1578 3177 sollertissime
1624 3142 1741 3176 esse
1785 3142 1898 3174 ver-

201 3209 385 3255 satum.
454 3199 685 3264 Denique
720 3198 913 3251 ιιιιίιιιιιε
950 3196 1285 3252 advertendus
1334 3204 1418 3250 est
1452 3203 1604 3250 etiam
1640 3197 1702 3251 ad
1738 3202 1899 3253 mate-

257 3440 316 3494 0‘)
378 3442 442 3480 De
473 3436 653 3490 seriptis
683 3437 855 3489 Pluton.
888 3449 928 3489 p.
965 3440 1045 3479 112
1075 3450 1163 3490 nqq,
