2066 3666
307 185 416 236 80ss
849 173 1360 228 ALCIBIADES
1407 173 1481 228 11.

311 330 371 374 ut
407 325 524 372 ante
561 320 725 370 omnia
761 317 1009 383 sciamus,
1056 318 1177 387 quid
1223 318 1292 370 sit
1339 316 1475 386 quod
1517 313 1570 370 in
1617 333 1681 371 eo
1728 321 2011 388 explicetur

315 401 370 446 et
409 409 508 461 quo
534 392 594 446 ,id
628 391 778 442 modo
816 392 923 444 fiat.

456 507 527 557 Et
563 507 775 556 materia
809 502 1010 568 quidem
1060 503 1229 568 operis
1265 503 1387 554 talis
1433 495 1561 568 est,¹
1595 519 1740 571 quam
1779 501 1824 553 si
1860 519 2010 567 prae-

318 579 484 630 clarus
533 578 712 641 aliquis
765 577 990 625 Socratis
1039 575 1318 639 discipulus
1368 576 1466 625 sibi
1512 577 1822 626 tractandam
1873 591 2012 625 sum-

317 652 471 711 serit,
519 649 757 714 profecto
806 663 955 696 nemo
1004 647 1234 696 miretur.
1307 646 1543 697 Pertinet
1596 650 1728 697 enim
1778 647 2013 696 universa

316 723 591 786 disputatio
630 719 763 768 haud
800 719 952 767 dubie
991 734 1083 779 eo,
1134 723 1193 767 ut
1228 718 1521 768 Alcibiadis
1552 719 1786 785 exemplo
1836 723 2013 768 osten-

318 793 495 854 datur,
543 792 834 856 priusquam
871 790 994 839 deos
1030 789 1296 839 adoremus
1335 794 1389 839 et
1428 792 1489 839 ab
1530 791 1594 841 iis
1643 789 1830 855 aliquid
1863 796 2011 854 peta-

317 882 460 925 mus,
527 864 822 927 sapientiam
883 866 939 911 et
995 862 1232 910 virtutem
1291 862 1569 926 comparari
1627 866 1896 927 oportere,
1965 861 2011 911 si

317 936 518 1002 quidem
555 935 625 982 ita
661 933 862 982 demum
898 932 1190 996 tum‚·quid
1225 934 1370 982 nobis
1409 935 1538 983 utile
1575 934 1670 995 sit,
1714 933 1897 982 melius
1932 933 2012 982 in-

263 1011 266 1016 “
319 1006 607 1066 tellecturi.,
642 1009 749 1053 tum
786 1004 879 1052 diis
917 1004 1044 1068 ipsis
1081 1005 1305 1054 cariores
1342 1004 1505 1055 futuri
1538 1006 1724 1065 simus;
1769 1003 2012 1054 orandum

317 1083 486 1126 autem
530 1077 601 1124 ita
637 1092 782 1135 esse,
830 1079 888 1124 ut
929 1073 1127 1124 nonnisi
1169 1077 1220 1124 in
1257 1074 1548 1126 universum
1596 1077 1813 1125 honesta
1856 1079 2012 1141 atque

317 1150 450 1201 bona
487 1152 807 1212 expetamuS‚
845 1152 1019 1195 cetera
1054 1146 1264 1196 deorum
1299 1149 1650 1212 permittamus
1688 1147 1918 1198 arbitrio.

461 1258 568 1311 Sed
614 1275 892 1326 quanquam
927 1258 1221 1325 principalis
1256 1259 1386 1310 haec
1420 1259 1539 1311 libri
1575 1262 1829 1314 sententia
1861 1255 2013 1328 pror*-

320 1348 408 1384 sus
447 1333 708 1382 Socratica
745 1338 856 1392 est,
903 1338 1071 1380 tamen
1115 1348 1209 1381 nec
1248 1349 1376 1397 quae
1411 1333 1473 1381 ad
1520 1349 1632 1383 eam
1664 1333 2014 1390 illustrandam

320 1405 626 1465 afferuntur,
678 1420 772 1452 nec
810 1405 918 1468 ipsa
956 1403 1241 1452 disserendi
1277 1404 1409 1453 ratio
1454 1421 1568 1454 cum
1606 1405 1832 1455 Platonis
1869 1420 2013 1454 more

322 1481 379 1526 et
426 1475 792 1525 consuetudine
838 1480 1150 1540 congruunt,
1200 1476 1271 1524 ita
1319 1480 1377 1525 ut
1411 1477 1493 1525 vel
1530 1493 1614 1538 ea,
1669 1492 1798 1540 quae
1850 1477 2013 1542 prima

321 1549 495 1612 specie
538 1547 690 1596 alicui
731 1547 994 1611 placeant,
1043 1563 1102 1596 re
1154 1546 1443 1611 diligentius
1489 1550 1767 1613 pensitato,
1819 1548 2014 1612 vulgari

321 1620 389 1680 de
425 1619 542 1668 libri
590 1622 799 1667 auctore
846 1620 1133 1668 sententiae
1179 1618 1515 1668 vehementer
1568 1620 1813 1671 officiant.
1883 1619 2015 1669 Nam

318 1685 493 1740 afferri
515 1686 804 1754 ¹complures
833 1691 1112 1739 sententias
1137 1688 1366 1740 Platonis
1402 1689 1663 1740 doctrinae
1701 1691 1820 1740 alibi
1851 1691 2013 1756 expli·-
2033 1725 2036 1728 -

225 1803 228 1806 ,
322 1766 467 1812 catae
498 1762 676 1826 utique
716 1762 992 1810 contrarias
1031 1761 1066 1810 S
1081 1778 1108 1810 c
1119 1760 1182 1810 hl
1194 1762 1251 1810 ei
1263 1777 1328 1810 er
1339 1778 1388 1811 m
1402 1778 1432 1810 a
1445 1778 1471 1811 c
1485 1763 1521 1811 h
1535 1779 1600 1812 er
1610 1780 1642 1811 u
1658 1779 1682 1812 s
1718 1763 2012 1827 Prolegom.

321 1834 384 1883 ad
420 1833 665 1883 Alcibiad.
701 1832 760 1885 Π.
799 1849 849 1897 p.
887 1834 993 1881 366
1030 1849 1104 1898 sq.
1143 1836 1197 1881 et
1231 1833 1468 1882 Astius
1514 1833 1593 1883 De
1628 1834 1748 1886 Vita
1784 1839 1839 1883 et
1873 1834 2013 1883 Scri-

251 1929 253 1931 ·
321 1906 424 1970 ptis
472 1903 602 1961 Plat.
647 1919 698 1969 p.
745 1904 854 1952 442
901 1919 975 1967 sq.
1026 1905 1292 1953 verissime
1334 1904 1632 1954 indicarunt.
1717 1905 2015 1956 Disserendi

321 1981 494 2025 autem
529 1977 659 2024 ratio
695 1991 724 2022 a
759 1974 986 2024 Platonis
1025 1980 1136 2024 arte
1182 1979 1235 2024 et
1271 1976 1499 2025 sollertia
1542 1978 1722 2027 mirum
1773 1982 2012 2041 quantum

304 2047 600 2111 ¹discrepat.
669 2046 840 2095 Habet
885 2048 1018 2096 enim
1055 2047 1140 2096 hic
1188 2046 1416 2113 dialogus
1463 2048 1695 2098 diffusam
1747 2054 1803 2098 et
1838 2049 2012 2099 multis
2063 2069 2066 2104 ς

321 2114 613 2183 ambagibus
668 2117 1057 2168 circumductam
1122 2119 1544 2184 disputationem,
1617 2137 1745 2185 quae
1799 2120 2012 2170 subinde
2062 2124 2066 2166 Γ

322 2192 534 2240 incertis
589 2195 798 2254 vagatur
845 2191 1136 2254 regionibus
1194 2196 1247 2240 et
1298 2208 1326 2239 a
1375 2192 1642 2256 proposito
1695 2192 1800 2241 fine
1855 2192 2010 2258 longe

321 2259 537 2311 aberrat.
611 2262 863 2324 Quorsum
899 2264 1127 2326 pertinet
1161 2264 1372 2311 maxime
1408 2262 1560 2324 illud,
1617 2263 1751 2328 quod
1785 2264 2009 2313 Alcibia-

321 2334 400 2383 dis
438 2334 690 2383 sententia
720 2334 907 2382 iterum
942 2335 1227 2398 iterumque
1261 2334 1544 2395 refellitur,
1593 2351 1693 2384 non
1740 2335 1838 2384 alio
1885 2346 2008 2386 sane
2060 2378 2066 2388 ,

321 2405 423 2454 fine
462 2410 518 2454 et
554 2406 849 2469 proposit0‚
898 2421 1044 2469 quam
1080 2411 1138 2454 ut
1171 2406 1373 2455 tandem
1409 2407 1456 2454 ei
1493 2410 1851 2471 extorqueatur
1885 2422 2007 2457 con·
2054 2418 2064 2463 ff

321 2476 482 2526 fessio
518 2478 716 2524 nescire
753 2493 810 2525 se
846 2482 1000 2540 atque
1033 2478 1295 2542 ignorare,
1350 2478 1467 2543 quid
1505 2495 1533 2527 a
1569 2478 1663 2527 diis
1699 2479 2007 2543 precandum
2058 2476 2063 2518 ἶ

320 2549 405 2601 sit.
484 2547 632 2596 Unde
680 2548 766 2607 fit,
822 2553 878 2596 ut
914 2549 1155 2611 plurimos
1204 2549 1347 2598 locos
1396 2549 1531 2597 salvo
1572 2551 1730 2599 totius
1779 2550 2005 2615 disputa-

315 2620 471 2668 tionis
507 2624 801 2683 argumento
837 2625 890 2668 et
926 2621 1137 2669 consilio
1173 2621 1356 2669 tollere
1400 2620 1570 2669 liceat.
1640 2621 1811 2671 Habet
1853 2639 2005 2687 prae·
2052 2624 2053 2627 ’

316 2699 462 2740 terea
496 2705 663 2740 sermo
700 2691 883 2739 multas
921 2693 1198 2741 sententias
1244 2708 1342 2741 non
1389 2694 1509 2742 satis
1556 2692 1794 2742 distincte
1840 2695 2001 2758 expli-
2049 2693 2056 2756 {—

317 2757 456 2812 catas
493 2763 574 2811 vel
611 2761 923 2811 subobscure
961 2777 1242 2828 expressas,
1281 2765 1454 2826 quales
1493 2766 1543 2813 in
1575 2764 1711 2813 nullo
1749 2766 1847 2813 alio
1883 2765 2000 2814 Pla·
2057 2789 2059 2814 ς

318 2835 453 2883 tonis
509 2848 667 2899 opere
724 2835 969 2905 reperias.
1058 2835 1229 2884 Habet
1289 2835 1545 2900 longiores
1605 2836 2000 2888 declamationes
2055 2854 2057 2896 ξ

318 2904 546 2967 Socrati,
593 2905 714 2953 alias
754 2906 1034 2955 minutatim
1072 2907 1352 2956 disserendi
1386 2924 1580 2956 morem
1633 2913 1687 2956 et
1725 2913 1997 2958 consuetu·
2053 2932 2055 2965 ξ

315 2976 481 3026 dinem
520 2943 812 3026 constanter
848 2980 1107 3041 sequenti,
1156 2982 1364 3042 praeter
1407 2979 1766 3029 necessitatem
1819 2981 1996 3029 obtru-
2051 2995 2054 3030 s

314 3063 427 3110 sas,
485 3049 538 3098 in
596 3048 773 3112 quibus
817 3064 930 3097 cum
979 3050 1109 3098 inani
1161 3049 1375 3112 quodam
1419 3052 1772 3100 ostentationis
1824 3052 1993 3100 studio
2049 3061 2053 3111 3

311 3119 429 3169 fuse
461 3120 758 3185 proneque
796 3136 855 3168 ea
891 3124 1234 3185 exponuntur,
1284 3136 1412 3183 quae
1461 3127 1546 3171 aut
1588 3122 1725 3170 nulla
1773 3123 1990 3187 explica-
2048 3113 2052 3154 ³

308 3188 772 3254 tione'indigebant
810 3196 897 3240 aut
942 3193 1138 3241 ratione
1171 3207 1292 3240 vere
1327 3193 1588 3242 Platonica
1634 3194 1793 3242 multo
1841 3195 1993 3243 aliter
2047 3201 2049 3235 ἒ

305 3264 565 3313 tractanda
601 3266 770 3310 erant:
822 3264 963 3312 cuius
1000 3264 1198 3328 generis
1245 3265 1471 3328 exempla
1506 3267 1734 3330 reperias
1780 3283 1830 3330 p.
1867 3266 1988 3320 141.
2045 3267 2047 3286 ³

304 3333 362 3381 B.
402 3350 510 3399 sqq.
549 3352 598 3400 p.
640 3333 758 3381 147.
799 3333 853 3381 Β.
893 3350 1001 3399 sqq.
1040 3352 1089 3399 p.
1130 3333 1246 3382 148.
1287 3335 1345 3386 C.
1382 3352 1541 3400 usqne
1577 3336 1639 3385 ad
1675 3353 1726 3400 p.
1765 3336 1884 3392 15⁰.
1921 3337 1983 3386 A.
2043 3365 2045 3388 ε

299 3402 469 3455 Habet
515 3406 730 3469 denique
778 3404 875 3454 alia
918 3406 971 3455 id
1011 3421 1171 3472 genus
1215 3406 1402 3471 multa,
1452 3423 1580 3473 quae
1628 3409 1859 3472 quoniam
1906 3409 1986 3458 vel
2042 3416 2043 3445 ³
