2066 3666
707 167 1207 223 anRMfflEs.
1733 160 1807 216 95

8 336 15 339 ⁴
106 291 308 387 parata,
350 321 412 369 ut
454 314 810 369 tantummodo
832 312 908 367 ad
943 317 1054 382 ipsa
1086 314 1380 365 referantur
1421 329 1588 380 neque
1633 312 1804 367 exter-

105 408 221 443 nam
268 391 490 441 habeant
531 387 987 450 necessitudinem,
1053 392 1107 437 et
1154 387 1219 436 ad
1269 386 1369 435 hoc
1420 402 1594 436 rerum
1643 399 1806 454 genus

110 465 264 515 etiam
301 462 685 527 temperantiam
719 459 911 509 referri
948 464 1200 543 oportere
1218 453 1291 526 *).

250 534 412 584 Critia
476 534 549 582 ita
606 532 659 582 in
718 531 918 580 consilii
972 532 1191 596 inopiam
1253 529 1488 579 coniecto
1545 526 1806 591 SocrateS‚

107 607 262 658 missa
296 604 539 668 ampliore
574 603 725 653 huius
760 604 839 652 rei
875 603 1245 672 disputatione,
1287 602 1386 649 iam
1424 601 1593 649 statim
1632 601 1694 648 ad
1732 601 1807 649 ιιι-’-

108 684 272 728 teram
320 677 669 739 quaestionem
719 673 918 724 accedit
962 675 1028 723 de
1086 674 1204 724 talis
1262 674 1507 723 scientiae
1564 662 1804 721 utilitate

109 748 412 799 Sciscitatur
447 748 631 812 igitur,
668 746 787 811 quid
821 746 1025 796 tandem
1062 746 1155 806 sit,
1208 744 1343 809 quod
1381 760 1480 809 ope
1517 740 1808 792 istiusmodi

108 820 358 871 scientiae
414 819 614 884 plenius
677 823 764 868 aut
818 817 1021 868 facilius
1082 821 1436 884 cognoscatur.
1532 815 1808 881 Enimvero

108 907 262 956 quum
309 896 459 940 antea
508 887 875 955 temperantiae
932 895 1110 939 natura
1164 889 1217 938 in
1262 903 1325 936 eo
1378 888 1547 952 posita
1593 888 1692 949 sit,
1750 890 1811 937 ut

108 965 224 1027 quis
261 963 390 1012 sciat
425 978 519 1022 ea,
572 977 701 1026 quae
748 962 876 1012 sciat
919 961 1208 1021 nesciatve,
1259 959 1502 1009 Socrates
1538 959 1640 1008 hoc
1676 971 1810 1008 nunc

110 1050 360 1099 quaerere
418 1033 781 1083 existimandus
845 1038 954 1095 est,
1022 1035 1109 1096 qui
1161 1032 1277 1081 fieri
1329 1032 1522 1096 possit
1590 1035 1648 1080 ut
1696 1030 1809 1094 quis

109 1122 210 1172 ope
245 1124 344 1169 της
378 1101 750 1175 σωφροσύνης
787 1106 915 1154 sciat
952 1120 1080 1167 quae
1116 1105 1245 1153 sciat
1289 1109 1376 1153 aut
1419 1104 1628 1152 nesciat
1701 1101 1812 1150 Re·-

109 1178 331 1244 spondet
377 1183 551 1227 autem
598 1177 663 1226 ad
706 1177 836 1227 haec
884 1177 1098 1239 Critias,
1161 1174 1299 1225 istud
1347 1174 1550 1238 quidem
1604 1173 1812 1224 facilem

114 1265 177 1300 ex
230 1250 342 1315 ipsa
392 1250 475 1299 rei
529 1254 708 1299 natura
771 1249 1157 1315 explicationem
1211 1247 1421 1297 habere.
1514 1247 1613 1310 Qui
1678 1246 1813 1296 enim

110 1322 377 1372 scientiam
421 1321 643 1383 habeat,
703 1336 833 1385 quae
897 1325 1064 1371 semet
1118 1321 1279 1386 ipsam
1326 1324 1632 1384 cognoscat,
1693 1333 1822 1368 eum*

111 1395 279 1459 ipsum
315 1392 432 1443 fore
467 1393 654 1456 talem,
675 1394 840 1478 ‘quale
878 1393 947 1442 sit
979 1390 1136 1452 illud,
1174 1390 1309 1455 quod
1346 1390 1547 1439 habeat.
1622 1388 1813 1452 Quem-

113 1464 382 1514 admodum
448 1465 607 1530 igitur
671 1466 743 1525 is,
828 1466 915 1528 qui
980 1463 1168 1532 habeat
1234 1462 1590 1523 velocItatem,
1664 1455 1815 1511 velox

25 1529 35 1544 ’
113 1537 212 1598 sit,
284 1537 359 1585 ita
430 1552 579 1598 eum,
665 1538 749 1602 qui
815 1536 1004 1586 habeat
1080 1535 1342 1584 scientiam
1414 1537 1582 1584 semet
1650 1533 1852 1598 ipsam-

113 1613 537 1674 cognoscentem,
595 1623 653 1657 se
708 1610 874 1673 ipsum
932 1621 1246 1671 cognoscere
1278 1602 1378 1671 **).
1475 1605 1548 1654 Et
1598 1605 1816 1671 largitur

114 1679 357 1730 Socrates
393 1695 540 1740 eum,
584 1680 669 1745 qui
708 1680 787 1729 sui
822 1678 1164 1744 cognitionem
1201 1678 1419 1740 habeat,
1459 1680 1611 1727 etiam
1650 1680 1817 1727 semet

112 1752 279 1817 ipsum
333 1766 567 1801 noscere.
659 1750 791 1800 Illud
849 1758 1020 1800 autem
1077 1751 1331 1800 incertum
1392 1753 1548 1814 atque
1606 1749 1814 1801 dubium

113 1824 417 1883 arbitratur,
462 1839 582 1872 num
628 1823 706 1884 is,
756 1822 844 1886 qui
887 1823 1038 1872 istam
1088 1822 1167 1872 sui
1218 1822 1563 1887 cognitionem
1607 1812 1815 1884 habeat,

117 1895 273 1945 etiam
315 1895 448 1943 sciat
490 1894 616 1943 illud
663 1894 858 1961 ipsum,
905 1893 1042 1959 quod
1086 1895 1214 1944 sciat
1261 1899 1348 1944 aut
1401 1896 1612 1946 nesciat.
1685 1892 1817 1944 Nam

115 1981 264 2031 quam
312 1972 368 2015 tu
412 1964 694 2027 describis,
748 1966 941 2029 inquit,
997 1981 1029 2015 ο
1079 1966 1266 2027 Critia,
1328 1967 1408 2016 sui
1454 1966 1816 2032 cognitionem,

116 2054 179 2087 ea
213 2037 340 2087 nihil
371 2037 507 2086 aliud
545 2037 641 2087 uisi
689 2038 951 2087 scientiam
998 2038 1061 2087 ab
1108 2038 1377 2087 inscientia
1420 2044 1598 2104 potest
1634 2038 1816 2087 distin-

114 2124 300 2176 guere3
359 2108 453 2157 sed
499 2108 625 2158 illud
675 2110 868 2174 ipsum,
918 2110 1053 2174 quod
1103 2111 1520 2174 cuiusqueartis
1571 2111 1817 2160 scientiae

116 2185 200 2232 est
240 2180 553 2240 subiectum,
617 2180 1000 2245 haudquaquam
1045 2197 1362 2247 cognoscere
1420 2189 1475 2233 et
1522 2182 1817 2247 intelligere

115 2266 209 2304 noa
258 2251 425 2301 docet.
506 2251 635 2302 Nam
684 2259 975 2318 temperans
1026 2254 1154 2315 iste,
1206 2268 1355 2317 quem
1399 2261 1463 2303 t=u
1507 2255 1818 2317 informasti,

117 2325 164 2375 si
211 2324 399 2375 iustum
446 2324 508 2373 ab
544 2325 759 2386 iniusto,
806 2341 982 2375 sanum
1028 2326 1090 2374 ab
1138 2327 1315 2375 insano
1361 2326 1677 2393 distinguere
1724 2342 1816 2375 vo-

118 2396 301 2456 luerit,
344 2395 583 2462 profecto
621 2397 773 2447 etiam
805 2399 931 2447 artis
968 2398 1197 2447 medicae
1233 2403 1288 2448 et
1324 2398 1616 2464 discipliuae
1653 2398 1814 2448 civilis

118 2468 330 2518 debebit
375 2483 491 2517 esse
539 2469 767 2534 peritus,
820 2484 948 2534 quae
1002 2470 1099 2519 sibi
1163 2469 1287 2520 solis
1338 2471 1503 2520 bonae
1551 2475 1605 2520 et
1652 2470 1817 2520 malae

117 2539 416 2589 valetudinis
465 2540 547 2589 vel
598 2541 822 2590 iustitiae
863 2547 919 2591 et
955 2542 1234 2592 iniustitiae
1277 2543 1506 2592 notitiam
1544 2541 1815 2593 vindicant.

117 2611 314 2675 Quodsi
349 2611 505 2677 igitur
529 2612 776 2678 quispiam
811 2614 1008 2663 nonnisi
1043 2615 1284 2664 scientiae
1320 2615 1583 2665 scientiam
1620 2619 1816 2676 teneat,

119 2699 215 2734 nec
250 2698 374 2732 vero
408 2682 488 2744 id,
533 2684 668 2748 quod
718 2685 767 2735 ei
812 2686 1097 2735 subiectum
1142 2695 1259 2748 est,
1306 2685 1594 2750 didicerit,
1624 2687 1817 2751 poterit

120 2755 210 2806 ille
265 2754 468 2821 quidem
517 2756 718 2806 novisse
768 2771 829 2807 se
874 2757 957 2806 vel
1008 2758 1134 2806 alios
1182 2758 1370 2824 aliquid
1415 2759 1550 2808 scire
1593 2764 1679 2808 aut
1724 2756 1825 2807 ne?

121 2828 281 2889 scire,
328 2826 418 2876 sed
467 2826 585 2891 quid
633 2829 702 2878 ait
748 2827 904 2888 illud,
954 2829 1090 2894 quod
1137 2831 1249 2894 quis
1299 2832 1427 2879 sciat
1469 2830 1551 2879 vel
1601 2821 1826 2893 neseiat,

121 2899 256 2949 scire
291 2914 390 2947 non
437 2899 632 2964 poterit
651 2897 782 2967 ***).
854 2899 951 2950 ms
984 2902 1069 2951 ita
1106 2903 1397 2967 explicatiS,
1445 2902 1683 2952 Socrates
1723 2867 1828 2951 ἀει-ἔ

72 3025 81 3033 ,
122 2985 223 3020 nuo
271 2969 481 3019 critiam
533 2971 844 3056 interrogat,
909 2987 1171 3037 quamnam
1227 2975 1484 3023 existimet
1543 2966 1828 3024 utilitatem

122 3056 186 3091 ex
234 3041 481 3092 eiusmodi
529 3043 737 3093 scientia
783 3052 1084 3130 perceptu-m
1132 3046 1210 3095 iri.
1284 3046 1411 3095 Nam
1448 3045 1573 3095 illud
1611 3045 1820 3111 quidem

120 3112 337 3181 largitur
372 3129 474 3164 non
511 3128 629 3167 esse
676 3114 908 3180 dubium,
955 3118 1075 3183 quin
1110 3132 1171 3168 ea
1207 3118 1252 3170 ai
1287 3118 1423 3185 ipsas
1458 3133 1544 3169 res
1582 3131 1817 3184 compre·-

178 3297 233 3350 1·“)
294 3299 340 3339 ι’.
378 3300 474 3338 ισε.
506 3298 554 3337 Β.
583 3318 639 3328 -
673 3300 768 3339 169.
799 3301 847 3340 Β.

150 3366 227 3422 ¹⁹⁶)
289 3372 432 3419 unque
462 3370 516 3409 ad
548 3382 590 3420 p.
616 3370 714 3410 16⁹.
747 3371 797 3413 E.

100 3434 200 3490 ,ω
286 3440 333 3484 1².
366 3442 464 3484 1⁶⁹.
497 3441 554 3483 Ε.
582 3460 638 3472 --
669 3442 766 3485 ΠΙ.
798 3444 848 3483 c.
