2106 3678
292 151 369 207 88
895 152 1333 214 “PLA'roNIS

297 296 552 360 ingenium
589 298 698 348 eius
736 300 1031 365 explorandi
1066 303 1218 355 fieret
1255 300 1418 370 copia.
1489 302 1764 357 Advocavit
1812 309 1988 375 igitur,

298 373 459 431 atque·
488 370 619 420 scite
655 386 735 422 me
773 379 827 421 et
862 375 1051 422 urbane
1089 375 1137 422 ei
1173 381 1406 440 tanquam
1441 378 1689 427 medicum
1727 395 1989 432 commen-

301 437 468 501 davit3
505 447 812 507 conquestus
852 446 981 494 enim
1021 451 1131 495 erat
1167 446 1231 495 de
1268 449 1449 512 capitis
1482 449 1758 501 doloribus.
1830 452 1989 503 Prae-

300 513 385 561 ter
437 513 721 579 opinionem
767 531 888 566 vero
937 517 1233 570 adolescens
1278 532 1377 571 me'
1408 523 1581 574 statim
1632 523 1834 571 nomine
1872 540 1990 574 meo

300 584 650 647 compellavit,
702 590 761 634 ut
823 602 974 654 quem
1034 589 1153 640 olim
1210 606 1322 641 cum
1385 591 1544 644 Critia
1606 601 1990 647 conversantem

301 657 651 718 cognovisset,
699 660 1022 723 rogavitque,
1072 665 1130 710 ut
1166 662 1263 713 sibi
1309 662 1587 716 remedium
1625 667 1805 733 capitis
1843 667 1990 716 dolo-

299 740 414 776 rum
460 727 748 781 indicarem.
830 729 1095 795 Respondi
1147 748 1242 797 ego
1291 733 1417 782 illud
1454 749 1570 783 esse
1608 735 1784 790 felium
1825 738 1991 803 quod-

246 860 249 861 7
302 795 439 856 dam,
479 800 610 863 quod
648 806 814 854 tamen
852 803 960 853 sine
998 805 1219 856 carmine
1251 805 1603 855 incantationis
1639 809 1686 857 vi
1710 810 1991 861 medicandi

302 876 519 921 careret.
605 872 752 934 Quod
806 875 964 934 enim,
1013 877 1242 939 inquam,
1293 877 1412 943 boni
1458 878 1592 942 apud
1655 895 1748 928 nos
1806 882 1991 935 medici

303 939 472 991 solent
508 942 769 1005 dictitare,
807 949 906 997 no‘n
942 961 1097 1010 posse
1131 964 1278 996 unam
1325 949 1539 1014 aliquam
1587 952 1818 1015 corporis
1869 969 1990 1017 par-

301 1016 411 1063 tem
447 1019 592 1062 recte
630 1017 817 1076 sanari,
863 1018 960 1068 nisi
1007 1020 1250 1068 restituta
1286 1020 1354 1072 sit
1388 1021 1547 1070 totius
1582 1023 1817 1086 corporis
1852 1025 1992 1077 vale-

226 1127 228 1129 *
303 1082 456 1144 tudo,
493 1085 626 1138 idem
666 1087 728 1138 de
765 1087 865 1136 hoc
902 1089 1267 1144 medicamento
1305 1091 1577 1145 tenendum
1615 1099 1725 1155 est,
1778 1095 1859 1143 cui
1894 1096 1992 1148 nisi

302 1154 654 1208 incantationis
696 1158 915 1210 formula
951 1163 1258 1224 accesserit,
1295 1162 1488 1214 frustra
1529 1160 1590 1213 eo
1627 1165 1690 1213 ad
1717 1166 1990 1217 leniendos

301 1225 509 1278 dolores
554 1230 730 1280 uteris,
814 1229 1019 1286 Etenim
1056 1248 1251 1297 nuper,
1289 1250 1440 1298 quum
1478 1236 1529 1284 in
1565 1235 1995 1303 Thraciaversa-

301 1312 416 1358 rer,
465 1299 670 1353 edocuit
713 1317 796 1353 me
842 1304 1039 1367 quidam
1085 1305 1392 1358 Zamolxidis
1440 1306 1703 1369 sacerd0S,
1753 1309 1994 1372 quemad-

303 1370 507 1423 modum
547 1372 774 1436 singulae
811 1377 1042 1440 corporis
1079 1381 1254 1443 partes
1293 1379 1401 1428 sine
1420 1379 1577 1428 totius
1605 1380 1834 1443 corporis
1872 1396 1994 1432 cura
2070 1404 2072 1407 ·

300 1454 403 1490 non
450 1449 664 1508 possent
711 1449 998 1509 persanari,
1041 1449 1112 1496 ita
1156 1463 1252 1497 nec
1290 1465 1475 1514 corpus
1517 1450 1626 1498 sine
1661 1451 1810 1502 animi
1847 1467 1994 1501 cura-

298 1515 442 1564 tione
488 1529 646 1579 posse
701 1517 753 1570 in
800 1518 1046 1583 integram
1092 1520 1432 1569 valetudinem
1480 1522 1721 1583 restitui,
1760 1525 1993 1587 quoniam

301 1586 558 1651 quidquid·
592 1586 711 1640 boui
764 1589 847 1638 vel
888 1591 1006 1644 mali
1057 1591 1247 1644 homini
1295 1593 1592 1653 accideret,
1627 1593 1680 1646 id
1715 1599 1879 1645 totum
1927 1597 1991 1645 ab

298 1653 465 1711 animo
515 1666 851 1724 promanaret.
936 1662 1113 1726 Itaque
1162 1664 1376 1713 animum
1428 1665 1625 1716 censuit
1672 1671 1789 1714 ante
1827 1667 1992 1720 omnia

298 1730 465 1790 sanari
497 1736 763 1799 oportere,
801 1733 952 1796 idque
990 1735 1184 1801 putavit
1213 1734 1353 1786 effici
1390 1750 1547 1799 posse
1583 1736 1877 1801 quibusdam
1914 1739 1992 1788 in-

297 1803 638 1854 cantatiouum
674 1803 936 1866 formulis,
974 1804 1180 1876 quarum
1216 1806 1488 1860 utilitatem
1526 1808 1606 1867 ita,
1644 1824 1727 1858 me
1766 1808 1989 1871 edocuit,

297 1879 370 1932 ut¹
392 1874 517 1924 illud
553 1874 972 1940 medicamentum
1011 1892 1257 1942 nunquam
1296 1879 1392 1926 nisi
1439 1878 1519 1930 his
1557 1885 1705 1930 antea
1739 1895 1860 1928 usus
1899 1880 1989 1932 ad-

298 1944 545 1997 hiberem.
618 1945 745 1997 Nam
782 1948 851 1999 ita
888 1955 1064 1998 natura
1098 1955 1441 2015 comparatum
1481 1965 1620 2010 esse,
1660 1955 1716 1998 ut
1750 1951 1989 2002 restituta

295 2016 496 2070 demum
535 2018 682 2069 animi
721 2020 935 2069 sanitate
973 2015 1357 2092 (σωφροσύνῃ)
1398 2022 1546 2069 etiam
1570 2037 1751 2086 corpus
1781 2039 1989 2074 sanare-

296 2092 395 2140 tur.
478 2090 557 2138 Ad
602 2089 731 2139 haec
785 2090 998 2141 Critias:
1083 2091 1153 2143 Et
1199 2092 1654 2144 vero-adolescens
1692 2094 1764 2144 ita
1806 2095 1988 2162 capitis

296 2160 525 2214 dolorem
564 2161 613 2212 in
650 2161 792 2212 lucro
831 2178 1022 2230 ponere
1059 2163 1292 2223 debebit,
1331 2164 1578 2232 siquidem
1625 2165 1721 2216 iam
1760 2164 1989 2217 futurum

296 2237 406 2292 est,
443 2239 501 2281 ut
538 2233 686 2285 simul
723 2235 907 2285 mentis
947 2235 1193 2286 medicina
1231 2234 1442 2286 fruatur.
1516 2235 1624 2285 Nec
1663 2252 1772 2286 eam
1794 2236 1988 2287 frustra

293 2318 323 2355 a
371 2308 425 2356 te
471 2309 596 2371 puto
647 2304 923 2357 adhibitum
973 2307 1066 2366 iri,
1118 2323 1266 2375 quum
1319 2306 1617 2358 Charmides
1667 2314 1845 2359 noster
1887 2323 1988 2358 non

294 2371 745 2439 solum'corpore,
795 2377 884 2427 sed
936 2379 1085 2428 etiam
1124 2379 1287 2426 animo
1325 2378 1561 2442 aequales
1600 2394 1718 2429 suos
1757 2379 1986 2431 antecel-

292 2445 381 2498 lat.
468 2446 578 2503 Nec,
620 2447 743 2496 mihi
792 2449 892 2512 ipsi
938 2444 1034 2516 (ita
1090 2451 1220 2497 enim
1271 2449 1508 2501 Socrates
1546 2466 1750 2499 narrare
1786 2446 1982 2518 pergit)

289 2517 391 2570 hoc
438 2518 543 2567 ullo
575 2519 726 2571 modo
764 2522 944 2572 mirum
982 2521 1267 2582 accidebat,
1311 2537 1461 2585 quum
1498 2526 1642 2574 ortus
1681 2528 1823 2575 esset
1860 2522 1985 2570 ado-

288 2587 491 2643 lescens
529 2591 853 2644 nobilissimis
890 2592 1123 2654 familiis,
1172 2594 1269 2650 iam
1303 2593 1362 2640 ab
1399 2593 1736 2654 Anacreonte,
1779 2593 2011 2654 Solones

289 2661 432 2725 aliis',
481 2678 658 2732 magna
711 2663 1034 2716 humanitatis
1086 2672 1140 2714 et
1189 2664 1468 2731 sapientiae
1504 2665 1654 2713 laude
1693 2665 1982 2714 celebratis,

288 2732 539 2799 Quocirca
589 2735 925 2786 orationead
976 2752 1090 2787 eum
1141 2751 1406 2796 conversa,
1455 2735 1509 2787 Si
1545 2737 1728 2800 igitur,
1765 2737 1983 2804 inquam,

287 2819 319 2855 o
355 2804 652 2866 Charmide,
703 2807 884 2858 mentis
936 2806 1126 2857 frueris
1177 2808 1420 2866 sanitate,
1480 2808 1821 2859 incantatione
1884 2822 1985 2856 non

288 2877 388 2930 erit
425 2892 584 2948 opus„
635 2881 693 2928 ut
729 2879 898 2926 statim
930 2881 1210 2933 remedium
1249 2879 1431 2942 capitis
1471 2878 1700 2930 dolorum
1740 2879 1983 2931 adhibere

284 2948 452 3001 liceat.
537 2947 631 3001 Ille
666 2963 787 3001 vero
825 2951 1024 3002 amabili
1061 2967 1173 3002 cum
1210 2950 1459 3002 modestia
1494 2950 1787 3014 respondit:
1871 2949 1982 3010 Nec

284 3011 543 3073 affirmare
593 3020 703 3072 hoc·
743 3022 930 3082 ausim,
980 3039 1009 3074 o
1059 3023 1296 3082 Socrate,
1333 3036 1428 3069 nec
1465 3037 1681 3086 negare:
1721 3019 1979 3074 affirmans

285 3094 419 3145 enim
472 3092 738 3145 iactantiae
783 3093 973 3143 crimen
1007 3095 1286 3153 incurram3
1335 3108 1523 3156 negans
1560 3099 1729 3144 autem
1769 3094 1980 3153 Critiae,

282 3165 468 3215 tutoris
524 3165 657 3225 mei,
714 3165 1017 3217 sententiam
1053 3179 1334 3230 coarguere
1368 3164 1503 3216 velle
1537 3165 1763 3215 videbor.
1839 3165 1981 3225 Quae

282 3254 434 3302 quum
479 3237 776 3288 adolescens
825 3235 1064 3298 dixisset,
1103 3251 1200 3302 ego
1240 3236 1483 3300 optimum
1522 3236 1665 3289 factu
1705 3235 1983 3287 arbitratus

281 3325 392 3362 aum
440 3310 774 3362 communiter
805 3306 1020 3369 ·videre,
1065 3323 1258 3375 :ecquae
1308 3308 1359 3358 in
1409 3308 1519 3356 eius
1559 3308 1736 3358 animo*
1764 3322 1981 3376 σωφρο-

276 3374 414 3444 σύνη
451 3382 679 3444 inesset,
716 3380 935 3447 ideoque
968 3384 1088 3433 ante
1124 3381 1318 3441 omnia,
1357 3394 1599 3445 quaenam
1647 3382 1790 3429 esset
1844 3384 1978 3427 tem-
