2040 3666
31 171 41 188 ⁹
32 120 42 149 ·*
33 0 55 96 mm«

725 189 1187 290 Laeuus
1763 187 1802 238 τ

106 345 390 408 terrogant,
422 354 542 392 num
575 337 713 389 filios
745 349 869 388 suos
904 335 1058 388 etiam
1081 332 1183 385 hoc
1205 347 1460 385 armornm
1494 329 1611 381 lusu
1645 344 1797 381 exer-

106 413 299 463 cendos
339 409 459 463 esse
492 410 833 472 arbitrentur,
884 421 1100 473 eamque
1146 404 1563 456 exercitationem
1606 400 1798 468 aliquid

106 485 343 535 utilitatis
390 482 679 534 habituram
735 495 855 530 esse
884 480 1159 543 „censeant
1244 475 1409 527 Forte
1455 474 1696 524 Socrates
1742 473 1797 523 in

107 557 286 607 eadem
317 559 553 603 versatur
585 552 871 618 palaestra,
914 566 1066 616 quem
1097 548 1300 598 Laches
1335 551 1483 613 putat
1526 560 1590 594 eo
1632 545 1794 610 magia

104 630 157 679 in
193 626 458 678 consilium
493 622 831 674 adhibendum
869 638 1019 684 esse,
1061 619 1198 686 quod
1232 634 1333 670 non
1378 617 1530 668 modo
1565 615 1796 682 Lysima-

103 699 191 749 chi
236 698 438 748 tribulis
486 698 584 759 sit,
629 695 724 746 sed
767 695 921 745 etiam
954 709 1129 744 rerum
1165 691 1231 742 ad
1275 691 1509 740 iuvenum
1545 687 1798 739 eruditio·-

101 787 222 822 nem
259 769 620 835 pertinentium
655 765 923 817 admodum
958 766 1206 817 curiosus,
1281 762 1378 813 Cui
1412 758 1580 812 Nicias
1618 764 1798 825 prote·-

40 893 50 912 ι
102 858 201 892 nus
238 841 544 902 assentitur,
590 838 798 888 laudans
838 838 929 887 ille
965 836 1193 887 Socratis
1239 834 1342 884 hoc
1382 833 1434 883 in
1470 847 1663 899 genere
1697 830 1796 884 hu-

101 914 412 973 manitatem,
448 913 535 977 qni
568 927 732 977 nuper
765 911 929 976 ipsius
963 908 1127 960 filiolo
1162 905 1481 974 praeclarum
1518 905 1642 955 artis
1679 918 1798 952 mu·-

38 979 49 994 ”
103 987 242 1036 sicae
286 985 581 1050 magistrum
629 981 950 1047 eundemque
1001 981 1055 1033 in
1095 980 1233 1030 omni
1269 992 1460 1043 genere
1505 974 1797 1025 eruditissi-

32 1068 42 1092 ·‘
102 1073 266 1119 mum,
326 1056 632 1116 Damonem,
683 1053 1045 1104 conciliaverit.
1130 1051 1324 1116 Quibus
1377 1047 1518 1098 addit
1561 1047 1797 1112 Lysima-

30 1129 45 1190 ἶ
102 1128 257 1190 chus,
292 1129 391 1179 sibi
425 1126 552 1176 adeo
589 1126 1021 1191 Sophroniscum,
1054 1129 1256 1192 patrem
1283 1121 1537 1183 Socratis,
1573 1118 1798 1170 familia-

30 1203 42 1219 *
99 1201 267 1251 ritatis
325 1198 705 1250 necessitudine
759 1197 930 1249 fuisse·
982 1194 1481 1255 coniunctissimum,
1549 1196 1605 1243 et
1658 1190 1797 1240 filios

99 1287 224 1322 suos
268 1272 369 1322 iam
405 1287 469 1324 ex
501 1268 594 1319 illo
630 1276 867 1336 tempore
901 1270 953 1319 in
987 1268 1215 1319 Socratis
1250 1266 1467 1330 aliquam
1500 1263 1801 1331 pervenisse

98 1344 348 1395 notitiam.
418 1342 552 1408 Quid
586 1342 784 1394 multa?
851 1339 1059 1407 Rogant
1090 1338 1388 1399 Socratem,
1423 1341 1483 1386 ut
1517 1351 1694 1386 secum
1730 1333 1798 1386 de

99 1417 277 1483 pueris
313 1419 462 1466 recte
494 1414 818 1465 instituendis
864 1412 984 1479 quid
1032 1412 1221 1462 sentiat
1260 1409 1615 1462 communicet.
1685 1406 1799 1458 Ne-

100 1503 204 1553 que
235 1487 323 1538 hic
358 1486 411 1537 id
447 1486 627 1537 facere
671 1485 884 1537 dubitat.
957 1484 1091 1537 Tum
1137 1497 1259 1532 vero
1294 1480 1629 1548 Lysimachus
1678 1494 1798 1529 eum

98 1575 279 1626 magna
311 1558 463 1608 laude
497 1563 670 1620 ornat,
721 1566 781 1610 ut
821 1557 908 1622 qui
944 1553 1158 1606 colenda
1205 1557 1418 1619 paterna
1453 1552 1799 1616 amicitiapa·

98 1632 197 1681 tris
252 1630 389 1680 laudi
444 1635 501 1680 et
547 1629 733 1679 honori
785 1630 998 1695 egregie
1044 1626 1291 1681 consulat.
1369 1623 1572 1675 Laches
1625 1628 1798 1675 autem

98 1719 216 1754 eum
250 1717 351 1753 non
387 1701 519 1768 patri
554 1707 777 1765 tantum,
824 1701 918 1751 sed
965 1701 1119 1750 etiam
1163 1699 1361 1765 patriae
1395 1697 1669 1764 plurimum
1706 1709 1798 1745 or*

28 1786 34 1795 ⁸
96 1775 321 1826 namenti
355 1774 593 1826 attulisse
632 1775 735 1836 ait,
783 1789 965 1839 quum
1014 1772 1079 1822 in
1114 1769 1377 1838 proelio
1423 1767 1503 1819 ad
1537 1767 1799 1820 Delium

98 1847 446 1897 commisso
495 1845 907 1897 fortitudine
954 1848 1219 1894 ceteros
1258 1842 1478 1892 omnes
1513 1854 1800 1906 supera-

96 1918 273 1968 verit
303 1914 375 1987 ⁴¹).
436 1917 551 1983 ¹Qui
583 1917 729 1967 locus
764 1932 1038 1983 sanequam
1082 1914 1360 1982 diligenter
1392 1911 1800 1963 animadverten-

97 1989 195 2039 dus
216 1995 340 2075 ,⁰⁸‘’
376 1990 423 2042 si
457 1990 570 2057 quis
604 1995 754 2042 reete
786 1987 854 2041 de
887 1989 1126 2041 universo
1152 1987 1411 2068 colloquio
1445 1984 1671 2038 iudicare
1696 1998 1802 2065 ¹vo·-

97 2062 336 2183 tuentius
383 2130 459 2183 ita
503 2133 803 2186 constitutis
846 2129 1181 2199 Lysimachus
1225 2129 1365 2181 redit
1406 2127 1470 2179 ad
1518 2127 1598 2191 id,
1652 2129 1799 2181 cuiun

97 2206 263 2271 gratia
296 2219 396 2254 una
434 2219 550 2255 cnm
584 2203 918 2255 familiaribus
954 2203 1232 2253 Stesilaum
1278 2207 1620 2269 spectaverat.
1691 2200 1798 2251 De-

27 2325 29 2332 ,
95 2292 198 2328 nuo
232 2277 366 2326 cuitu
402 2276 592 2334 amicos
628 2278 939 2342 interrogat,
986 2275 1106 2340 qnid
1148 2276 1213 2325 iis
1250 2274 1317 2325 de
1362 2273 1591 2334 utilitate
1621 2274 1800 2324 videa-
1870 2333 1877 2348 ἱ

95 2355 213 2411 tur,
252 2365 402 2415 qnam
437 2349 645 2400 iuvenes
693 2364 757 2400 ex
793 2354 908 2400 arte
950 2347 1332 2398 tractandorum
1373 2361 1629 2396 armorum
1671 2361 1798 2414 per-

96 2422 300 2487 cepturi
347 2422 467 2472 siut.
551 2421 687 2472 Tum
732 2436 855 2475 vero
901 2419 1173 2471 Socrates:
1231 2419 1344 2486 Ego
1393 2417 1511 2484 quid
1560 2421 1799 2483 sentiam,

15 2497 32 2547 :2
98 2493 143 2544 ui
179 2491 298 2557 quid
334 2508 465 2559 opus
502 2492 688 2555 fuerit,
733 2493 957 2560 aperiam
1002 2496 1141 2554 tum,
1186 2508 1340 2558 quum,
1374 2491 1553 2544 Niciae
1596 2497 1654 2543 et
1691 2491 1797 2544 La-

28 2591 31 2595 ·
98 2564 526 2616 chetisiudicium
548 2565 781 2627 audier03
817 2581 930 2615 sum
967 2565 1101 2622 enim
1127 2570 1301 2615 aetate
1328 2564 1581 2626 minimus,
1618 2570 1677 2615 ut
1712 2579 1799 2614 me

95 2642 416 2703 postremum
452 2637 636 2688 deceat
682 2638 991 2688 sententiam
1025 2653 1188 2687 meam
1224 2637 1417 2688 dicere.
1491 2636 1671 2703 ltaque
1705 2636 1798 2688 Ni·

28 2727 31 2790 ff
98 2708 204 2759 cias
271 2710 467 2776 primus
529 2711 685 2760 verba
747 2709 896 2771 facit,
963 2725 1023 2760 ac
1083 2708 1421 2777 multiplicem
1467 2710 1800 2776 persequitur

97 2775 446 2851 ὁπλομαχίας
490 2782 799 2843 utilitatem,
849 2782 992 2832 cuins
1048 2783 1468 2833 exercitationem
1521 2782 1801 2834 arbitratur
1852 2772 1858 2804 ³

28 2886 30 2889 .
97 2853 317 2919 primum
374 2870 405 2904 a
447 2856 616 2921 turpis
669 2854 948 2920 voluptatis
1008 2853 1186 2904 fructu
1246 2854 1555 2921 prohibere-,3
1615 2853 1800 2906 deindo

98 2926 335 2991 corporis
367 2926 506 2976 vires
542 2941 731 2993 augere
768 2933 824 2977 et
859 2927 1196 2988 confirmare3
1230 2933 1338 2978 tum
1374 2925 1632 2977 hominem
1668 2927 1802 2978 libe·

43 3050 52 3067 .
98 2997 260 3047 ralem
298 3003 354 3048 et
387 2998 659 3064 ingenuum
695 3013 796 3049 non
828 2999 987 3064 magis
1026 3015 1173 3065 quam
1211 3000 1467 3065 equitandi
1503 3002 1668 3052 art'em
1703 2997 1800 3051 de·-

35 3064 50 3106 ‘·
99 3066 315 3130 decere;
361 3068 579 3138 denique
614 3073 771 3130 etiam
806 3071 858 3121 in
895 3072 1106 3136 proeliis
1141 3073 1277 3121 varia
1313 3072 1500 3124 afferre
1536 3070 1802 3123 commoda

30 3158 36 3163 ·
99 3146 159 3191 et
199 3142 471 3196 utilitates.
538 3140 819 3195 Praeterea
868 3142 1007 3194 illam
1055 3145 1129 3196 ait
1174 3144 1328 3195 etiam
1371 3146 1583 3196 aliarum
1616 3146 1802 3213 artium

31 3581 59 3666 ,ν-,τ
51 3503 54 3506 ,
31 3313 49 3426 -¹·=

100 3212 410 3265 desiderium
456 3230 614 3285 posse
659 3216 916 3297 excitare,
963 3217 1012 3271 ei
1054 3216 1262 3284 quidem
1305 3220 1393 3287 qui
1427 3220 1582 3271 armis
1620 3216 1803 3290 ludere

160 3470 218 3528 ⁸)
274 3493 333 3508 --
365 3475 464 3520 101.
490 3475 543 3520 D.
