2066 3666
213 150 287 201 26
852 148 1271 201 PLATONIS

213 293 367 356 801„
411 291 477 342 de
517 291 779 369 ⁴(modoet)
832 293 882 343 in
929 292 1310 359 I'rolegomenis
1357 291 1415 340 ad
1465 291 1597 340 hunc
1642 293 1892 359 dialogum

212 363 587 432 explicabimus,
666 365 836 430 Atque
886 365 985 414 huc
1029 367 1179 414 etiam
1217 363 1368 424 illud,
1418 365 1625 427 opinor,
1661 365 1893 415 reseren-

215 436 335 486 dum
380 441 492 496 est,
540 436 673 500 quod
723 435 961 486 Socrates
1008 437 1057 485 in
1093 436 1330 499 colloquii
1377 436 1668 497 exitu.s‹·se
1704 436 1774 484 ait
1810 451 1894 484 so-

214 508 406 558 mniare
440 507 503 557 de
537 508 696 570 ideis,
732 508 830 557 hoc
866 513 947 557 est
984 523 1069 556 eas
1103 507 1260 556 veluti
1294 506 1542 555 divinare:
1580 506 1710 569 quod
1750 512 1896 555 certe

212 580 267 636 in
300 579 673 630 adolescentem
711 580 1100 644 philosophum,
1139 579 1224 643 qui
1259 577 1475 626 nondum
1512 583 1652 625 certa
1690 578 1898 627 iecisset

212 651 427 703 ratIonis
465 668 584 703 suae
621 651 958 711 fundamenta,
996 651 1200 715 egregie
1234 651 1480 702 convenit.
1553 648 1748 697 Eodem
1786 649 1895 698 for·

211 728 353 775 tasse
387 724 648 791 pertinet,
685 722 818 786 quod
854 722 1092 771 Socrates
1131 738 1187 770 se
1233 725 1362 773 nunc
1411 720 1611 785 quidem
1649 736 1899 784 quaerere

211 795 352 846 nolle
398 797 698 863 profitetur,
759 799 925 842 utrum
981 792 1229 841 Heracliti
1295 791 1359 839 de
1417 798 1664 856 perpetua
1726 808 1894 841 rerum

213 867 540 917 fluctuatione
588 868 840 916 sententia
884 882 944 913 an
981 864 1202 913 idearum
1253 861 1478 912 doctrina
1514 865 1581 912 sit
1617 864 1896 928 praestabi-

211 938 339 1001 lior,
375 939 468 987 sed
503 938 601 986 hoc
636 952 784 988 unum
821 936 1043 985 affirmat·
1081 940 1136 984 et
1174 934 1463 995 contendit,
1507 940 1704 984 temere
1742 951 1896 998 agere

214 1015 306 1060 eos
345 1026 545 1068 omnes,
583 1009 667 1072 qui
704 1024 764 1056 ex
810 1007 1162 1058 vocabulorum
1217 1007 1409 1070 origine
1456 1013 1611 1070 atquc¹
1641 1008 1688 1054 ri
1725 1022 1896 1058 rerum

212 1082 435 1147 ipsarum
473 1086 698 1129 naturam
738 1081 974 1144 cognosci
1010 1094 1165 1142 posse
1201 1078 1522 1126 arbitrentur.
1606 1077 1718 1126 Huc
1761 1077 1895 1125 aliud

209 1152 333 1216 quid
368 1151 593 1212 accedit,
630 1151 764 1216 quod
797 1153 1136 1199 coniecturam
1162 1152 1384 1204 nostram
1410 1149 1491 1196 vel
1527 1151 1737 1199 maxime
1775 1164 1897 1197 con·-

208 1224 415 1273 firmare
449 1223 662 1275 videtur.
734 1222 919 1287 Negari
954 1222 1085 1272 enim
1122 1236 1220 1269 non
1244 1224 1420 1283 potest
1444 1219 1669 1284 dialogos
1693 1220 1894 1285 Euthy-

209 1295 374 1357 demi‚
424 1294 624 1360 >cratyli
673 1298 726 1342 et
767 1294 1080 1358 Protagorae
1115 1292 1314 1346 nomine
1348 1292 1622 1356 inscriptos
1664 1291 1725 1339 ad
1761 1290 1894 1339 Pro-

206 1372 435 1433 tagoram
491 1369 699 1431 eiusque
758 1365 1035 1430 discipulos
1093 1357 1438 1428 coarguendos
1498 1358 1552 1411 et
1598 1362 1896 1412 refutandos

208 1439 490 1506 pertinere.
563 1438 688 1488 Nam
726 1438 776 1486 in
811 1435 1137 1500 Euthydemo
1176 1450 1416 1499 perversa
1466 1433 1894 1499 Protagoreorum

209 1511 506 1571 dialectica,
561 1527 658 1575 qua.
705 1508 768 1557 ad
814 1514 1016 1573 argutas
1061 1508 1321 1571 captiones
1367 1511 1421 1554 et
1466 1505 1674 1572 laqueos
1712 1506 1893 1555 abute-

207 1583 423 1645 bantur,
458 1582 661 1636 iuvenili
696 1575 1060 1645 propemodum
1100 1577 1378 1642 petulantia
1410 1578 1797 1642 perstringitur:
1838 1577 1917 1625 in·

211 1653 420 1718 Cratylo
482 1649 806 1705 facetissime
860 1650 1147 1715 exploditur
1207 1650 1380 1712 inepta
1436 1649 1531 1697 ista
1582 1650 1742 1709 rotie,
1793 1664 1890 1712 qua

193 1726 361 1781 <iidem
391 1725 466 1773 illi
486 1724 547 1772 ad
578 1724 685 1772 veri
710 1723 1048 1788 coguitionem
1082 1720 1350 1784 pervenire
1374 1723 1427 1768 et
1453 1735 1514 1767 ex
1533 1719 1890 1768 vocabulorum

212 1797 490 1861 originibus
541 1812 631 1844 sua
675 1796 902 1859 ipsorum
948 1793 1154 1845 decreta
1201 1791 1499 1850 confirmare
1551 1791 1889 1839 conabantur:

206 1869 259 1918 in
301 1868 582 1931 Protagora
625 1865 841 1929 denique
877 1863 927 1912 id
964 1865 1152 1928 agitur,
1202 1866 1258 1909 ut
1294 1877 1468 1910 eorum
1505 1862 1704 1914 virtutis
1739 1862 1891 1910 disci-

207 1940 395 2006 plinam
445 1938 633 1994 nullam
683 1952 800 1985 esse
849 1951 1026 1999 magna
1074 1933 1314 1991 orationis
1358 1934 1504 1996 copia
1553 1937 1606 1981 et
1641 1932 1892 1998 elegantIa

207 2011 468 2060 doceatur.
552 2007 684 2074 Quid
729 2007 923 2073 igitur‘}
965 1999 1206 2054 haeccine
1243 2019 1398 2069 opera
1433 2009 1573 2053 tanta
1609 2006 1893 2070 argumenti

207 2081 534 2136 similitudine
572 2085 625 2136 et
660 2079 960 2145 cognatione
994 2077 1129 2126 inter
1164 2091 1222 2124 se
1258 2076 1519 2130 coniuncta
1555 2091 1732 2140 magno
1759 2082 1890 2141 tem-

206 2170 388 2221 porum
442 2151 706 2210 intervallo
748 2151 994 2205 disiuncta
1042 2147 1205 2200 fuisse
1253 2148 1687 2199 existimabimus}
1757 2147 1890 2197 Mihi
1947 2150 1950 2152 ’

207 2226 434 2292 quidem,
473 2225 673 2284 fateor,
710 2237 771 2271 ea
807 2236 1012 2285 semper
1045 2220 1150 2268 visa
1186 2223 1302 2268 sunt
1336 2219 1406 2267 ita
1453 2219 1590 2274 inter
1636 2234 1694 2268 se
1731 2234 1890 2284 copu-

205 2298 308 2346 lata
344 2312 490 2358 esse³
527 2301 583 2344 ut
622 2310 717 2344 nec
754 2294 964 2359 scriptio
1001 2297 1175 2340 eorum
1209 2291 1261 2339 in
1297 2289 1494 2339 diversa
1542 2295 1773 2355 tempora
1808 2292 1904 2340 in·-

207 2369 381 2425 cidere
426 2365 750 2418 existimanda
802 2361 880 2422 sit.
968 2362 1068 2412 Iam
1112 2377 1233 2411 vero
1279 2359 1659 2426 Euthydemum
1708 2363 1888 2412 verisi-

207 2441 398 2495 militer
433 2440 661 2496 videmur
696 2437 976 2492 coniecisse
1013 2435 1211 2499 Olymp.
1248 2432 1428 2484 XCIV.
1466 2435 1532 2483 in.
1570 2449 1685 2486 esse
1720 2433 1886 2483 literis

206 2511 569 2576 consignatum.
638 2508 950 2573 Protagorae
986 2510 1152 2554 autem
1188 2521 1365 2560 annum
1400 2505 1606 2558 tertium
1632 2505 1713 2554 vel
1740 2521 1888 2570 quar·

205 2588 315 2641 tum
353 2583 576 2636 eiusdem
614 2579 924 2646 Olympiadis
961 2577 1332 2642 assignavimus.
1405 2578 1545 2639 Quae
1593 2578 1637 2626 si
1672 2592 1772 2626 non
1807 2581 1886 2626 te·

206 2671 348 2705 mere
394 2649 695 2712 statuimus,
747 2646 1006 2715 Cratylum
1056 2647 1440 2714 probabilelest
1485 2647 1646 2702 media
1685 2649 1887 2714 Olymp.

206 2725 388 2782 XCIV.
435 2740 533 2782 non
578 2724 735 2781 multo
783 2727 899 2771 ante
950 2720 1301 2784 Protagoram.
1329 2720 1378 2767 in
1434 2719 1597 2768 lucem
1637 2721 1885 2786 publicam

206 2798 478 2862 prodiisse.
549 2790 836 2859 Quanquam
873 2793 915 2843 si
961 2793 1070 2857 quis
1109 2791 1326 2842 certiora
1362 2791 1427 2845 de
1461 2791 1556 2847 hac
1594 2809 1653 2840 re
1691 2792 1742 2847 in
1778 2807 1885 2839 me-

209 2871 359 2919 dium·
378 2861 638 2928 attulerit,
677 2863 981 2931 argumentis
1014 2862 1166 2929 facile
1201 2863 1484 2915 concedam.
1574 2862 1755 2911 Parum
1794 2879 1887 2911 ve-

208 2954 268 2990 ro
315 2939 594 3006 probabilia
635 2938 894 2997 videntur,
926 2951 1052 3000 quae
1105 2932 1770 2997 Sclileiermachcrus
1809 2939 1884 2982 at-

209 3010 324 3076 que
357 3011 592 3060 Astius
636 3009 700 3057 de
746 3009 841 3057 hac
891 3024 949 3064 re
994 3007 1315 3061 commentati
1366 3010 1496 3061 sunt,
1594 3005 1685 3055 Ille
1752 3007 1882 3053 enim

210 3081 345 3147 quod
396 3081 654 3146 Cratylum
686 3082 945 3145 ,scriptum
994 3092 1110 3126 esse
1158 3080 1330 3129 censet
1363 3077 1589 3143 proxime
1626 3082 1745 3141 post
1779 3077 1884 3125 Eu-

208 3154 500 3216 thydemum
537 3157 690 3216 atque
727 3146 1096 3208 'flieaetet-um,
1135 3146 1310 3211 quibus
1347 3148 1488 3202 libris
1523 3155 1754 3211 tanquam
1796 3163 1883 3195 cu·

209 3224 375 3279 mulus
423 3226 724 3285 accesserit,
769 3223 819 3273 id
855 3223 925 3271 ita
974 3224 1054 3268 est
1083 3223 1450 3282 comparatum,
1499 3225 1555 3266 ut
1589 3224 1882 3284 argumento

211 3292 486 3350 Theaeteti
536 3301 769 3349 accurate
817 3291 1132 3344 considerato
1188 3291 1369 3346 nemini
1429 3289 1632 3355 pla-cere
1699 3290 1880 3355 possit.

209 3366 387 3430 Neque
419 3366 550 3422 enim
592 3384 723 3434 quae·
754 3368 804 3416 in
839 3364 1126 3415 Theaeteto
1164 3359 1415 3426 disputata
1454 3368 1569 3415 sunt
1608 3355 1698 3425 per
1737 3377 1882 3426 argu-
