2040 3666
163 204 236 255 1⁰
790 156 1208 257 P-IAATONIS

166 348 279 396 rate
326 344 399 394 ita
447 344 604 396 statui
641 345 920 409 existimat,
969 347 1202 412 quoniam
1237 362 1338 398 non
1374 362 1573 398 omnem
1609 346 1864 398 audaciam

166 433 281 466 cum
317 416 563 480 sapientia
598 417 883 482 copulatam
919 433 1016 483 pro
1052 417 1354 468 fortitudine
1387 420 1578 470 habere
1611 419 1781 468 liceat.
1804 417 1862 486 *)

309 487 446 536 Idem
480 488 645 538 locus
691 489 927 538 similiter
974 490 1027 538 in
1068 488 1350 556 Protagora
1408 507 1462 556 p.
1517 490 1642 541 348.
1688 490 1752 539 D.
1788 517 1863 529 --

165 557 292 612 350.
319 558 390 608 Ο.
427 540 700 621 tractatur,
747 560 835 608 ubi
870 559 1110 610 Socrates
1147 561 1244 610 hac
1288 564 1724 627 argumentatione
1757 561 1860 611 uti-

165 637 266 692 tur,
304 636 363 679 ut
399 630 754 698 fortitudinem
788 632 1001 682 scientia
1037 644 1155 681 esse
1191 638 1478 682 contentam
1515 635 1738 691 evincat,
1774 649 1862 682 ea-

166 717 266 774 que
301 703 497 750 ratione
534 703 816 767 sophistam
852 694 1145 753 dialectices
1179 703 1374 770 laqueis
1411 706 1623 754 irretiat.
1698 705 1862 767 Quam

162 788 274 821 rem
310 789 490 838 magno
527 779 824 839 argumento
861 779 1096 846 putamus
1134 791 1252 824 esse
1287 776 1552 825 Platonem
1599 777 1862 840 quaestio-

161 859 280 893 nem
327 845 375 893 in
420 843 649 893 Lachete
695 851 986 910 susceptam
1025 839 1192 895 denuo
1227 848 1280 896 in
1314 847 1734 912 disceptationem
1768 861 1860 895 vo-

162 930 332 975 casse,
384 931 482 980 quo
519 932 630 965 eam
666 917 865 981 longius
901 917 1203 983 profligaret
1237 924 1293 968 et
1329 935 1442 968 cum
1480 935 1544 968 eo
1579 919 1725 982 loc0,
1772 918 1860 984 qui

161 991 246 1036 est
281 985 345 1035 de
383 988 610 1036 universa
645 989 863 1049 virtute,
899 990 1086 1038 arctius
1126 990 1472 1056 coniungeret.

307 1059 487 1123 Neque
524 1060 656 1107 enim
693 1060 744 1107 in
779 1058 1007 1108 Lachete
1043 1063 1410 1125 argumentatio
1453 1062 1690 1114 inchoata
1734 1076 1857 1110 con-

163 1131 390 1179 tinuatur
427 1135 514 1178 aut
558 1130 865 1192 absolvitur,
914 1132 1009 1180 sed
1056 1132 1298 1198 deinceps
1334 1138 1506 1199 potius
1543 1133 1609 1182 de
1646 1133 1860 1183 scientia

162 1201 227 1249 ad
263 1202 616 1262 fortitudinem
650 1203 937 1251 necessaria
973 1203 1259 1268 ambigitur.
1341 1205 1680 1269 Posteaquam
1724 1206 1859 1254 enim

162 1272 363 1321 Laches
413 1289 471 1322 se
525 1288 587 1322 ex
632 1273 1019 1324 difficultatibus
1067 1268 1181 1334 istis
1230 1275 1472 1341 expedire
1523 1292 1625 1326 non
1671 1277 1860 1340 potuit,

162 1339 404 1394 Socrates
469 1344 666 1395 Niciam
727 1361 930 1411 quoque
993 1347 1299 1397 sententiam
1360 1361 1503 1397 suam
1557 1348 1859 1411 interrogat.

160 1415 262 1466 Hic
297 1413 419 1464 vero
457 1416 520 1465 ad
554 1418 716 1482 ipsius
753 1417 980 1466 Socratis
1016 1433 1296 1482 provocans
1335 1434 1395 1468 ea
1431 1419 1497 1469 de
1528 1434 1588 1468 re
1617 1418 1859 1468 iudicium

159 1487 517 1540 fortitudinem
565 1493 742 1538 censet
785 1487 1151 1554 prudentia
1193 1491 1469 1554 contineri,
1518 1496 1577 1539 ut
1622 1505 1752 1554 quae
1788 1490 1859 1540 sit

163 1560 376 1615 scientia
412 1576 585 1613 rerum
622 1565 676 1609 et
723 1559 1170 1610 formidolosarum
1203 1566 1256 1611 et
1291 1563 1402 1612 sine
1435 1561 1666 1628 periculo
1702 1562 1858 1612 sube-

158 1632 420 1686 undarum.
443 1628 527 1699 **)
612 1633 776 1696 Quem
826 1634 1046 1682 suaviter
1095 1637 1376 1699 propterea
1431 1633 1569 1684 ridet
1631 1637 1687 1683 et
1731 1649 1857 1699 per-

158 1704 365 1767 stringit
410 1702 640 1764 Laches,
689 1704 774 1769 qui
819 1704 1045 1771 medicos
1092 1716 1329 1771 quoque,
1379 1705 1660 1771 agricolas,
1707 1706 1855 1767 alios,

157 1791 333 1826 rerum
393 1776 795 1840 periculosarum
853 1781 909 1826 et
961 1777 1325 1826 contrariarum
1377 1778 1609 1836 notitiam
1662 1777 1858 1842 habere
1916 1833 1919 1835 ,

165 1847 317 1908 dicit,
365 1862 462 1897 nec
509 1852 678 1896 tamen
711 1847 831 1896 ideo
868 1863 898 1898 a
932 1863 1181 1913 quoquam
1218 1847 1384 1899 fortes
1421 1849 1711 1897 existimari.
1784 1847 1857 1898 At

163 1934 314 1978 vero,
365 1919 528 1983 inquit
571 1918 771 1980 Nicias,
817 1921 1042 1983 aegrotis
1089 1936 1207 1970 num
1252 1920 1501 1969 conducat
1556 1934 1619 1968 ex
1674 1919 1856 1969 morbo

164 1990 507 2075 convaluisse,
552 1989 605 2039 id
634 2005 773 2041 vero
819 1990 1004 2040 medici
1048 2007 1262 2057 prorsus
1281 1981 1555 2061 'ignorant.
1639 1989 1718 2039 Ex
1755 2004 1858 2056 quo

162 2077 318 2130 quum
364 2063 577 2111 maxime
620 2062 842 2128 pendeat
887 2078 1059 2112 rerum
1105 2063 1486 2112 metuendarum
1522 2065 1576 2111 et
1610 2077 1711 2110 non
1746 2077 1857 2112 me-

162 2133 462 2188 tuendarum
509 2135 765 2199 cognitio,
806 2134 870 2182 iis
917 2149 1090 2183 rerum
1138 2135 1422 2183 futurarum
1459 2134 1721 2182 scientiam
1756 2149 1858 2185 non

162 2211 311 2257 recte
358 2206 564 2255 attribui
612 2205 938 2256 manifestum
974 2210 1069 2255 est.
1142 2204 1242 2256 Hic
1277 2221 1398 2254 vero
1435 2204 1633 2254 Laches
1669 2205 1859 2255 leniter

161 2279 328 2343 carpit
374 2278 551 2326 Niciae
585 2278 1034 2343 superstitionem,
1085 2278 1170 2343 qui
1206 2278 1329 2327 solis
1363 2277 1558 2326 vatibus
1590 2276 1857 2326 fortitudi-

162 2366 279 2400 nem
324 2349 615 2414 relinquere
664 2349 910 2398 rideatur.
993 2349 1156 2412 Quem
1203 2351 1277 2399 ita
1319 2348 1516 2397 refutat
1549 2348 1747 2411 Nicias,
1796 2352 1870 2419 ιιι,

161 2426 306 2471 vates
347 2421 481 2471 dicat
532 2420 643 2472 sola
688 2437 864 2470 reium
911 2420 1199 2473 futurarum
1242 2425 1484 2491 portenta
1521 2435 1855 2487 cognoscere,

163 2509 337 2553 earum
373 2494 621 2541 utilitates
658 2507 759 2543 non
795 2506 990 2541 curare.
1014 2488 1128 2559 ***)

304 2565 448 2614 Haec
492 2570 658 2613 autem
708 2565 808 2613 etsi
849 2581 1025 2613 ruisns
1075 2581 1104 2613 a
1153 2562 1381 2613 Lachete
1416 2564 1853 2630 perstringuntur,

162 2635 404 2688 Socrates
441 2641 611 2685 tamen
658 2635 927 2686 videndum
975 2638 1046 2684 ait
1093 2651 1234 2689 esse.
1262 2649 1343 2684 ne
1378 2635 1478 2683 ille,
1500 2639 1608 2686 veri
1645 2637 1766 2701 quid
1799 2637 1854 2687 in

161 2709 383 2758 medium
421 2709 665 2757 attulerit.
747 2708 908 2772 Igitur
953 2702 1126 2757 Nicias
1161 2709 1352 2758 iterum
1385 2707 1854 2757 ai'fi1·mat¹fortitu-

162 2781 331 2829 dinem
382 2797 500 2829 esse
544 2796 714 2828 rerum
764 2779 1147 2828 metuendarum
1205 2785 1259 2827 et
1310 2795 1409 2827 non
1471 2780 1855 2830 metuendarum

162 2853 457 2912 scientiam,
509 2868 655 2916 quam
703 2853 1024 2900 sententiam
1061 2867 1124 2899 eo
1173 2851 1458 2899 confirmari
1495 2857 1667 2916 putat,
1719 2851 1856 2917 quod

159 2924 695 2993 brutaepanimanteS,
744 2923 942 2974 ratione
990 2927 1254 2984 carentes,
1299 2938 1401 2974 non
1449 2925 1651 2989 possint
1685 2922 1855 2974 fortes

274 3177 320 3230 ⁸)
358 3180 499 3227 unque
544 3179 597 3220 ad
633 3189 676 3227 ιι.
723 3178 820 3218 1⁹4.
862 3181 915 3219 A.
981 3177 1152 3245 Similia
1191 3177 1516 3229 argumentatio
1545 3179 1612 3219 est
1639 3177 1858 3224 Charmid.

208 3334 210 3340 ,
247 3293 322 3345 ⁹⁸)
337 3251 399 3334 PP.
410 3239 524 3332 1534.
535 3236 609 3333 Alii.
618 3236 884 3332 *ὓιυδιεὲὶιέἰ
905 3293 1020 3331 enim
1070 3294 1278 3333 Socrate·
1326 3296 1438 3332 toste
1477 3293 1857 3343 Xenophonte

338 3352 731 3403 Mem-‚1V.6,lo.
766 3351 818 3391 ad
850 3349 1155 3393 tortitudinem
1184 3353 1335 3402 utique
1363 3352 1528 3403 requiri
1560 3362 1709 3394 terum
1737 3354 1858 3404 peri-

338 3412 582 3454 curiosarum
615 3409 924 3461 augustia-nem.

138 3480 144 3484 ‘
223 3466 323 3522 ⁸⁸⁸)
338 3459 401 3508 Ὺ.
436 3470 531 3515 1⁹5.
561 3470 613 3508 h:
