2066 3666
628 192 1121 253 ALCIBIADES
1170 193 1209 246 1
1655 189 1766 250 185

77 334 309 394 κάκείνω
370 333 617 416 (critiam
675 339 732 386 et
776 330 1124 417 Alcibiadem)
1174 348 1337 407 σωφρ
1305 333 1598 418 ρονοῦντε,
1656 334 1777 423 ³9¹3
1824 334 1827 335 ⁷

80 405 407 493 Σωκράτει
416 404 722 471 συνήστην,
770 404 837 460 οὐ
878 404 1246 494 φοβουμένω,
1290 399 1369 473 μὴ
1408 407 1696 491 ζημιοῖντο
1733 400 1775 471 ἢ
1862 452 1868 456 ,

0 503 5 506 ·
82 484 343 536 παίοιντο
380 475 492 534 ὑπὸ
511 471 904 561 Σωκράτους,
955 473 1076 529 ἀλλ’
1130 478 1370 544 οἰομένω
1420 475 1548 530 τότε
1585 473 1776 548 κράτι-

86 571 223 607 στον
271 550 415 612 εἶναι
462 546 607 605 οὑτω
654 543 932 616 πράττειν.
982 547 1119 599 conf.
1166 565 1280 602 ann.
1323 549 1389 599 ad
1434 566 1487 616 p
1536 550 1657 603 135
1713 549 1774 600 c.

83 626 230 677 Haec
253 626 409 690 igitur
428 623 591 672 omnia
613 622 875 672 nobiscum
891 621 1243 687 reputantibus
1276 622 1452 671 nescio
1489 636 1588 685 quo
1625 621 1779 671 modo

86 712 292 762 semper
325 697 485 744 visum
535 699 628 760 est·
651 709 763 742 eam
797 694 849 742 in
884 694 984 743 hoc
1020 707 1256 742 sermone
1291 694 1522 743 exhiberi
1556 693 1780 742 Alcibia-

86 770 166 820 dis
203 766 543 817 adolescentis
577 765 863 830 imaginem,
899 780 1029 831 quae
1062 764 1125 813 ad
1159 765 1319 828 ipsius
1353 767 1487 814 vitae
1509 765 1782 827 veritatem

87 841 215 892 satis
244 839 519 904 diligenter
555 852 795 901 expressa
830 837 914 885 sit.
986 836 1091 885 Sed
1123 836 1380 886 videamus
1418 853 1547 886 nunc
1583 836 1648 884 de
1684 835 1783 884 So-

88 917 251 973 crate,
288 912 338 960 in
375 910 518 959 cuius
555 909 782 958 moribus
817 908 944 958 item
978 907 1189 958 fuerunt
1224 909 1310 971 qui
1346 908 1602 974 singulare
1637 907 1785 971 quid-

91 984 204 1034 dam
255 983 352 1033 sibi
385 980 790 1030 animadvertere
828 980 1136 1029 viderentur.
1207 980 1284 1030 Ac
1328 982 1544 1045 primum
1582 979 1788 1044 quidem

89 1055 220 1107 illud
252 1054 522 1104 offensioni
559 1052 677 1113 fuit,
714 1051 850 1114 quod
877 1053 922 1102 is
957 1052 1011 1101 in
1045 1052 1290 1117 principio
1328 1052 1514 1120 dialogi
1537 1051 1790 1102 Alcibiadi
1891 1055 1911 1071 “

92 1143 299 1193 operam
353 1141 494 1175 suam
539 1123 861 1174 commendat
915 1124 1086 1189 paullo
1127 1122 1456 1181 insolentius.
1540 1122 1792 1175 Nimirum

95 1199 197 1250 hoc
246 1213 471 1264 pugnare
505 1198 666 1246 visum
723 1200 807 1245 est
853 1211 965 1245 cum
1015 1196 1103 1245 illa
1147 1197 1464 1258 urbanitate,
1521 1211 1619 1260 qua
1666 1196 1793 1247 alias

94 1287 235 1323 suam
270 1270 429 1335 ipsius
467 1267 765 1334 sapientiam
814 1263 996 1317 callide
1032 1268 1330 1318 dissimulat.
1402 1270 1475 1322 At
1518 1283 1640 1317 vero
1687 1268 1796 1332 pri-

94 1358 231 1394 mum
277 1340 479 1408 quidem
526 1356 657 1390 nunc
708 1355 827 1389 sese
875 1339 959 1388 dei
1002 1341 1310 1390 auctoritate
1353 1345 1410 1390 et
1450 1340 1593 1389 iussu
1640 1354 1798 1404 agere

72 1415 239 1468 dicit.
308 1413 505 1463 Deinde
540 1411 688 1477 quale
721 1410 924 1461 tandem
962 1417 1046 1461 est
1078 1412 1204 1461 illud
1239 1411 1468 1461 officium
1505 1410 1642 1474 quod
1676 1411 1802 1460 ado-

97 1486 383 1538 lescentulo
435 1491 701 1550 praestare
741 1483 893 1533 vult‘ss
962 1483 1158 1548 Nempe
1209 1483 1262 1532 id
1296 1478 1449 1533 unum
1493 1484 1600 1548 agit
1636 1479 1803 1552 εἴρων

99 1558 475 1616 callidissimus,
510 1563 570 1605 ut
608 1570 723 1604 eum
767 1555 832 1603 ad
865 1556 1178 1620 ignorantiae
1200 1554 1578 1606 consessionem
1617 1554 1804 1620 adigat.

101 1630 351 1694 Quocirca
402 1643 494 1677 nos
542 1626 742 1691 quidem
795 1627 1032 1682 usitatam
1074 1628 1169 1676 viri
1191 1628 1554 1676 'urbanitatem
1602 1627 1655 1676 in
1701 1626 1806 1676 hoc

101 1702 218 1753 loco
266 1701 556 1765 neutiquam
605 1697 968 1748 desideramus.
1050 1699 1119 1748 At
1162 1715 1314 1759 vero,
1360 1699 1620 1764 inquiunt,
1676 1697 1810 1749 illud·

104 1780 249 1824 certe
296 1787 397 1821 non
433 1776 576 1821 caret
613 1770 851 1820 molestia
885 1770 1126 1835 quadam,
1176 1771 1311 1835 quod
1346 1772 1566 1820 urbanus
1597 1770 1810 1821 scilicet

105 1845 348 1896 Socrates
384 1851 502 1893 tuus
524 1842 904 1892 adolescentem
931 1842 1144 1892 subinde
1166 1844 1398 1909 increpat
1421 1843 1620 1908 gravius
1659 1858 1811 1907 quam

107 1932 220 1967 mos
284 1923 341 1965 et
394 1913 708 1964 consuetudo
763 1915 982 1964 hominis
1031 1915 1304 1965 verecundi
1366 1914 1511 1964 ferre
1557 1914 1809 1970 videatur.

107 1990 179 2041 At
215 1989 347 2037 enim
390 2000 511 2035 vero
549 1985 683 2049 quod
719 2001 749 2034 a
781 1986 1084 2036 verecundia
1118 1992 1173 2037 et
1197 1987 1448 2037 modestia
1466 1986 1685 2036 alienum
1722 1987 1812 2048 sit,

109 2060 236 2111 nihil
270 2076 300 2108 a
325 2058 541 2107 Socrate
577 2057 775 2106 admitti
800 2058 1133 2111 meminimus.
1205 2059 1354 2122 Quod
1390 2064 1561 2108 autem
1598 2058 1814 2108 subinde

110 2132 347 2196 deplorat
383 2131 587 2179 tristem
625 2130 939 2194 ignorantiae
968 2131 1328 2192 conditionem,
1366 2131 1418 2180 in
1455 2147 1552 2196 qua
1575 2136 1814 2180 versetur

111 2201 429 2262 Alcibiades,
466 2200 824 2265 hominemque
862 2209 1183 2266 praematura
1216 2203 1406 2268 ingenii
1442 2203 1682 2268 opinione
1718 2203 1816 2253 mi·-

113 2276 257 2327 rifice
292 2274 521 2323 inflatum
556 2274 742 2322 acerbe
777 2275 1010 2339 castigat,
1046 2274 1098 2324 id
1131 2274 1214 2324 vel
1241 2276 1454 2324 maxime
1491 2275 1645 2323 decet
1681 2290 1817 2337 eum,

117 2349 204 2431 qui
252 2354 390 2396 teste
439 2343 721 2441 Xenoph.
768 2344 927 2399 Mem.
965 2345 1063 2408 ΙΙΙ,
1111 2348 1180 2408 9,
1227 2348 1279 2396 6.
1344 2347 1443 2396 sibi
1490 2350 1820 2435 persuaserat

116 2413 183 2473 τὸ
219 2414 471 2495 ἀγνοεῖν
479 2413 679 2469 ἑαυτὸν
716 2417 810 2470 καὶ
844 2411 923 2500 μὴ
960 2413 998 2468 ἂ
1037 2413 1155 2470 οἶδε
1193 2412 1446 2483 δοξάζειν
1487 2436 1545 2470 τε
1584 2419 1678 2471 καὶ
1716 2414 1819 2470 οἴε-

120 2491 269 2545 σθαι
303 2482 653 2557 γιγνώσκειν,
702 2484 979 2555 ἐγγυτάτω
1015 2491 1220 2556 μανίας
1258 2487 1434 2551 εἶναι,
1482 2494 1538 2540 et
1583 2492 1669 2554 qui
1710 2506 1821 2540 om·-

123 2564 243 2615 nino
278 2562 330 2612 in
367 2573 491 2621 eos,
545 2561 631 2624 qui
667 2562 764 2611 sibi
799 2563 1077 2612 temerario
1115 2562 1253 2612 fastu
1290 2578 1472 2628 sapere
1506 2561 1823 2625 videbantur,

124 2635 292 2686 acrius
330 2632 499 2683 invehi
533 2638 894 2683 consueverat:
934 2634 998 2683 de
1035 2651 1133 2700 qua
1166 2651 1226 2685 re
1262 2636 1429 2701 ipsum
1467 2634 1639 2686 audias
1675 2635 1821 2699 Apo-

126 2706 230 2772 log.
265 2705 396 2758 Plat.
433 2719 477 2756 c.
515 2704 600 2754 17.
638 2711 766 2755 extr.
805 2711 861 2755 et
898 2722 941 2755 c.
980 2707 1066 2755 26.
1114 2708 1267 2757 verba
1313 2706 1606 2759 facientem.
1680 2707 1822 2770 Quo-

31 2776 42 2788 '
126 2779 265 2830 circa
314 2792 407 2827 nos
453 2776 656 2840 quidem
699 2777 799 2827 ista
844 2778 1088 2828 orationis
1136 2780 1437 2841 acrimonia,
1488 2779 1533 2829 si
1580 2795 1677 2845 qua
1725 2782 1827 2839 est,

128 2850 334 2902 minime
368 2847 606 2911 offendit,
642 2850 942 2914 praesertim
981 2867 1132 2915 quum
1168 2852 1218 2901 in
1249 2850 1525 2916 discipulo,
1563 2867 1714 2916 quem
1751 2849 1830 2900 di-

131 2922 336 2989 ligeret,
372 2920 791 2985 reprehendendo
828 2921 926 2971 alia
958 2938 1080 2973 usus
1115 2923 1184 2974 sit
1205 2921 1405 2974 dicendi
1426 2924 1643 2986 ratione,
1680 2937 1829 2987 quam

132 2994 252 3046 alibi
288 2994 336 3042 in
373 2991 594 3042 ridendis
630 2993 892 3058 sophistis.

277 3064 470 3116 Verum
518 3063 620 3115 hoc
665 3065 828 3130 ipsum
877 3064 983 3116 tale
1030 3070 1142 3127 est,
1203 3071 1263 3117 ut
1315 3066 1393 3118 de
1441 3065 1836 3117 disserendi

135 3137 403 3188 ratione
438 3151 533 3201 per
569 3139 732 3187 totum
767 3136 950 3187 librum
977 3144 1221 3204 regnante
1244 3138 1510 3190 dicendum
1544 3153 1661 3188 esse
1696 3153 1837 3188 com-

138 3214 358 3260 moneat.
431 3207 533 3257 Hic
573 3223 694 3258 vero
741 3209 1023 3274 negandum
1069 3225 1167 3261 non
1216 3217 1299 3262 est
1341 3208 1529 3275 aliquid
1577 3209 1835 3276 singulare

32 3336 33 3348 ἵ
141 3279 487 3341 animadverti,
524 3279 659 3344 quod
693 3280 843 3344 quale
879 3281 965 3341 sit,
1003 3280 1188 3347 postea
1212 3283 1450 3348 aperiam.
1522 3280 1668 3332 Nunc
1706 3283 1839 3333 enim

32 3353 51 3386 '·
145 3351 619 3413 univer-codicum,
668 3351 788 3418 quid
835 3353 961 3402 mihi
1011 3353 1076 3403 de
1124 3354 1221 3404 hac
1266 3369 1325 3404 re
1360 3353 1605 3404 videatur.
1678 3354 1842 3421 igitur

44 3431 47 3434 ’
145 3439 267 3475 vere
300 3423 449 3475 nobis
483 3421 711 3475 videmur
744 3423 1003 3474 affirmare
1037 3427 1299 3477 materiam
1335 3425 1508 3493 operia
1555 3426 1688 3477 bene
1724 3442 1845 3478 ease
