2040 3666
40 3110 51 3146 ·-
35 3057 58 3096 *δ
18 2173 59 3048 mma-32*
37 2096 44 2118 d

38 3408 70 3599 fil

743 153 1220 228 Laenas
1805 172 1848 222 o

137 334 401 372 sermones
450 335 512 372 se
555 319 794 372 lubenter
840 317 1017 369 audire
1074 315 1334 379 affirmat,
1402 330 1617 383 quorum
1676 315 1843 382 oratio

35 395 39 397 ’
138 409 253 443 cum
301 395 414 458 ipsa
457 395 561 442 vita
602 396 658 442 et
707 390 862 441 factis
906 388 1159 440 concinat.
1242 387 1316 449 Et
1368 386 1844 439 fortitudinem

140 464 402 530 quidem
446 463 752 514 Socratis
809 461 949 513 sibi
1007 460 1167 511 olim
1231 459 1398 510 satis
1461 463 1846 524 spectatam

140 552 294 587 esse
354 537 482 586 ait:
531 536 654 586 iam
702 536 762 595 ¹si
804 533 978 584 idem
1028 534 1224 584 etiam
1277 532 1544 581 nrilcre·
1576 530 1885 581 dicendi'

141 606 550 658 facultatem
587 608 683 657 sit
719 610 1176 666 consecutuS,
1212 602 1381 689 ¹¹th¹
1432 618 1587 663 sane
1623 603 1848 668 prohi-

140 681 331 739 bere,
368 680 521 749 quin
562 694 702 728 cum
742 692 822 737 eo
872 677 1301 744 suscipiatur
1348 673 1762 740 disputatio.
1790 671 1846 741 *)

285 750 464 815 ltaque
512 749 784 812 Socrates,
828 751 1062 814 quoniam
1105 749 1440 813 Lysimachus
1499 751 1556 795 et
1600 745 1849 796 Melesias

143 822 280 871 scire
328 824 565 888 cupiant,
606 838 705 888 qua
737 822 936 871 ratione
970 820 1193 869 filiorum
1231 834 1439 868 suorum
1475 819 1650 867 animis
1687 819 1850 867 virtus

144 893 464 955 concilietur,
525 901 645 944 ante
706 895 871 943 omnia
943 890 1071 953 illud
1129 891 1495 956 dispiciendum
1554 891 1852 953 arbitratur,

149 965 382 1030 quidnam
420 967 505 1027 sit,
548 967 602 1015 in
647 982 748 1031 quo
784 966 944 1014 virtus
989 964 1322 1013 contineatur.
1401 963 1692 1031 Quanquam
1738 977 1853 1010 eam

148 1038 527 1102 quaestionem,
588 1040 704 1102 quia
767 1037 837 1086 sit
894 1036 1110 1104 amplior
1162 1050 1307 1099 quam
1365 1049 1496 1098 quae
1542 1049 1675 1083 nunc
1725 1049 1853 1100 per-

147 1110 355 1158 tractari
392 1104 570 1175 queat,
606 1110 658 1159 in
692 1107 955 1176 praesenti
987 1109 1193 1157 missam
1230 1106 1384 1169 facit,
1418 1107 1574 1172 inque
1613 1120 1679 1155 eo
1727 1105 1854 1156 sub-—

149 1180 429 1231 sistendum
497 1187 677 1232 censet
725 1197 872 1242 esse,
938 1184 997 1230 ut
1057 1179 1122 1229 de
1181 1185 1331 1245 parte
1382 1178 1583 1228 virtutis
1638 1193 1726 1238 ea,
1788 1175 1857 1234 ad

148 1268 297 1318 quam
321 1269 469 1302 unam
505 1269 588 1303 ars
624 1269 879 1303 armorum
915 1251 1296 1302 tractandorum
1330 1251 1543 1302 maxime
1579 1251 1858 1317 pertineat,

149 1323 252 1375 hoc
290 1329 374 1374 est
409 1324 475 1374 de
510 1324 846 1387 fortitudine,
882 1319 1189 1390 anquiratur.
1227 1319 1314 1390 ⁴⁰¹)

294 1395 583 1464 Interrogat
617 1399 773 1464 igitur
806 1396 1104 1458 Lachetem,
1154 1407 1367 1461 quanam
1402 1411 1464 1445 re
1499 1392 1857 1444 fortitudinem

151 1468 405 1518 contineri
449 1470 719 1522 existimet.
806 1467 1110 1535 Respondet
1134 1468 1226 1517 ille
1261 1466 1618 1517 fortitudinem
1656 1466 1860 1516 censeri

154 1554 248 1601 eo,
287 1545 346 1589 ut
381 1542 493 1606 quis
538 1543 729 1603 aciem,
777 1542 828 1591 in
866 1555 964 1605 qua
1001 1540 1064 1589 ab
1100 1540 1424 1605 imperatore*
1450 1539 1732 1588 collocatus
1772 1539 1861 1601 sit,

152 1626 254 1661 non
302 1611 508 1662 deserat
554 1618 610 1663 et
661 1614 893 1675 hostium·
935 1613 1186 1678 impetum
1234 1612 1368 1661 bono
1412 1612 1578 1661 animo
1616 1611 1861 1675 suscipiat

154 1699 251 1733 nec
286 1699 410 1749 prae
444 1689 587 1735 metu
632 1686 857 1752 turpiter
903 1683 1145 1749 aufugiat.
1220 1683 1326 1733 Sed
1361 1699 1474 1733 eam
1510 1683 1862 1733 definitionem

155 1753 398 1807 Socrates
435 1757 662 1808 ostendit
696 1758 844 1807 nimis
881 1762 1147 1822 angustam
1184 1771 1331 1818 esse,
1368 1772 1520 1822 quum
1557 1757 1710 1805 etiam
1745 1759 1860 1805 ter-

158 1842 278 1893 gum
321 1831 640 1880 vertentibus
694 1830 849 1881 liceat
895 1828 1105 1878 fortiter
1141 1827 1408 1891 dimicare,
1445 1829 1598 1878 sicuti
1634 1826 1862 1892 Scythae

158 1904 214 1948 et
258 1898 651 1953 Lacedaemonii
699 1900 906 1954 faciant,
983 1899 1261 1951 Praeterea
1307 1916 1367 1950 se
1414 1915 1513 1949 non
1563 1900 1630 1949 de
1674 1900 1863 1950 bellica

159 1976 355 2022 tantum
399 1972 703 2023 fortitudine
748 1973 821 2024 ait
867 1973 1208 2036 quaesivisse,
1256 1972 1350 2022 sed
1387 1972 1517 2022 illud
1560 1972 1734 2039 potius
1769 1987 1861 2021 vo-

156 2042 319 2093 luisse
368 2045 639 2109 explicari,
710 2060 954 2111 quaenam
1015 2046 1084 2095 sit
1125 2045 1202 2095 vis
1252 2049 1307 2095 et
1351 2049 1538 2095 natura
1594 2045 1863 2094 universae

122 2115 507 2178 fortitudinis,
551 2133 681 2182 quae
733 2118 885 2167 etiam
930 2117 982 2166 in
1028 2117 1249 2179 morbis,
1299 2120 1632 2183 paupertate,
1670 2116 1864 2166 dolori-

160 2187 282 2248 bus,
329 2188 730 2254 aegritudinibus
784 2187 1110 2255 perferendis
1155 2193 1210 2238 et
1256 2189 1307 2239 in
1345 2188 1707 2255 cupiditatibus
1745 2202 1864 2238 mo·-

160 2258 396 2310 derandis
439 2267 692 2311 cernatur.
767 2260 944 2327 ltaque
989 2261 1270 2311 clarissime
1333 2261 1574 2311 Socrates
1636 2260 1864 2311 ostendit

160 2348 280 2382 sese
315 2331 634 2387 fortitudinis
670 2334 770 2382 vim
807 2333 970 2383 multo
1010 2332 1162 2383 latius
1198 2338 1376 2398 patere
1413 2333 1673 2395 arbitrari,
1713 2349 1863 2399 quam

159 2404 486 2470 imperatoris
511 2405 787 2471 ,ingenium
833 2406 1201 2472 perspexisset.
1236 2403 1349 2474 ***)
1434 2405 1532 2455 His
1596 2405 1863 2472 explicatis

161 2476 363 2527 Laches
399 2477 484 2526 ubi
517 2478 720 2527 tandem
757 2478 1040 2539 intellexit,
1078 2492 1321 2543 quorsum
1359 2482 1567 2544 spectet
1599 2477 1727 2527 haec
1765 2477 1866 2527 So-

163 2550 320 2598 cratis
356 2548 666 2615 disputatio,
704 2555 953 2616 protenus
990 2549 1347 2612 fortitudinem
1385 2551 1566 2601 statuit
1611 2547 1866 2601 contineri
1936 2553 1938 2556 ’

164 2620 436 2671 audacia
490 2621 701 2687 quadam
763 2627 829 2672 et
879 2623 1400 2688 perseverantia.
1492 2622 1688 2675 Verum
1752 2638 1866 2674 eam

163 2692 512 2744 deffinitionem
549 2693 789 2744 Socrates
827 2699 976 2744 acute
1011 2700 1188 2744 monet
1223 2695 1478 2745 contrario
1516 2700 1670 2761 atque
1707 2703 1892 2761 supe-‘

163 2766 351 2815 riorem
406 2766 531 2816 vitio
577 2766 838 2828 laborare,
885 2771 1069 2833 utpote
1119 2767 1268 2817 nimis
1332 2766 1551 2833 amplam
1613 2766 1869 2833 latiusque

164 2843 441 2903 patentem.
537 2837 703 2903 Quum
754 2840 890 2889 enim
934 2838 1142 2889 audacia
1190 2838 1403 2889 subinde
1469 2840 1624 2890 etiam
1683 2839 1868 2890 vitiosa

166 2911 261 2971 sit,
314 2909 564 2962 fortitudo
614 2918 786 2962 autem
825 2927 1033 2978 semper
1067 2909 1334 2961 laudabilis
1373 2915 1674 2973 censeatur,
1713 2910 1867 2961 auda-

165 2983 294 3031 ciam
330 2997 431 3032 non
467 2984 788 3049 simpliciter,
827 2983 920 3034 sed
961 2982 1281 3034 coniunctam
1317 2997 1432 3034 cum
1470 2983 1719 3050 sapientia
1770 2998 1871 3050 pro

163 3053 470 3107 fortitudine
514 3055 622 3108 vult
662 3056 861 3108 haberi.
940 3055 1020 3110 Ac
1065 3070 1135 3109 ne
1177 3055 1280 3108 hoc
1318 3055 1524 3126 quidem
1557 3056 1683 3109 satis
1718 3071 1872 3109 accu-

277 3318 327 3374 ·)
347 3301 406 3364 ἰ».
437 3323 536 3364 1⁸⁴.
565 3323 621 3366 n.
653 3344 712 3356 —
749 3323 849 3368 iso.
877 3326 931 3369 A.

247 3376 328 3430 0⁸)
359 3380 409 3421 r.
442 3383 539 3425 18⁹.
569 3383 618 3423 a.
647 3402 703 3415 -
737 3384 835 3427 1⁹⁰.
870 3387 917 3426 c.

220 3437 328 3492 ⁸¹⁵⁸)
357 3440 404 3483 Ρ.
437 3442 537 3488 1⁹⁰.
570 3443 617 3485 c.
647 3460 706 3477 -
738 3443 839 3487 1⁰2.
864 3446 916 3488 Α.
942 3441 1060 3487 cont.
1090 3441 1322 3498 Ptousa!-
1352 3451 1395 3496 υ.
1423 3442 1523 3490 m.
1549 3442 1606 3489 Α.
1632 3450 1733 3499 ou·
