2066 3666
635 103 1338 184 anTYLns‘
1717 124 1790 176 υ

104 278 326 324 mentum
363 264 559 336 cratyli
602 267 905 340 supplentur
948 271 1037 316 aut
1069 264 1466 334 amplificantur,
1509 266 1604 319 sed
1642 269 1804 340 vicis&

106 348 201 396 sim
240 343 375 411 quod
419 348 681 409 postrema
713 339 864 389 huius
910 336 1096 403 dialogi
1135 341 1284 403 parte
1322 338 1655 404 significatum
1693 342 1808 405 est,

102 418 155 467 id
190 418 240 467 in
275 416 567 467 Theaeteto
601 426 836 476 magnamv
864 414 1060 474 partem
1098 408 1368 476 exponitur
1408 409 1626 477 fuseque
1673 412 1791 464 illu-

104 496 314 541 sti-atur.
391 486 469 536 Ex
514 499 613 550 quo
660 496 975 546 consequens
1010 496 1128 533 esse
1165 477 1444 550 putamus,
1490 489 1550 532 ut
1587 484 1792 536 Theae-

106 569 271 611 tetum
306 564 426 624 post
461 555 719 621 Cratylum
755 552 954 602 demum
990 553 1233 618 scriptum
1269 568 1388 621 esse
1438 557 1666 605 statuere
1697 573 1793 608 nos

103 636 355 696 oporteat.
438 627 552 677 Non
583 623 760 691 >magis
808 625 1082 689 probabilis
1123 623 1303 682 Astii
1346 625 1478 675 ratio
1536 631 1647 689 est,
1709 629 1797 694 qui

101 704 222 754 huic
259 702 391 750 libro
427 701 485 749 in*
528 700 829 763 scriptorum
863 695 1240 746 Platonicorum
1277 696 1438 758 serie,
1485 713 1633 762 quam
1671 714 1794 750 con·

102 774 304 833 stituit,
342 771 511 820 locum
549 785 695 825 suum
729 768 1001 833 assignavit
1033 771 1155 840 post
1187 766 1567 830 Theaetetum,
1604 768 1792 836 Sophi-

99 853 259 905 stam,
310 842 578 892 Politicum
627 847 684 890 et
716 838 1096 901 Parmenidem,
1139 854 1355 905 eumque
1390 839 1670 895 cohaerere
1707 859 1794 898 su·-

97 917 320 981 spicatus
368 919 451 963 est
495 929 611 963 cum
657 911 871 977 dialogis
931 910 1225 978 quibusdam
1290 911 1437 960 nobis
1483 913 1675 977 ignotis
1735 929 1798 964 ac

100 987 408 1052 deperditis,
456 985 508 1035 in
553 984 734 1050 quibus
783 982 1117 1049 philosophus
1170 982 1456 1041 inchoatam
1491 984 1557 1035 de
1592 985 1798 1054 linguae

99 1061 296 1126 origine
346 1062 402 1107 et
450 1060 627 1106 natura
668 1054 1061 1120 disputationem
1105 1055 1468 1121 profligaverit.
1552 1057 1624 1107 At
1659 1058 1795 1111 enim

101 1147 224 1182 vero
258 1145 426 1195 neque
457 1127 659 1178 aliunde
696 1131 899 1177 constat
933 1126 1203 1192 Platonem*
1233 1126 1367 1176 hunc
1403 1127 1571 1178 locum
1608 1129 1661 1179 in
1694 1130 1797 1179 alio

100 1219 260 1269 opere
294 1201 620 1260 tractavisse,
655 1215 751 1250 nec
788 1199 891 1248 ulla
927 1199 976 1247 ei
1013 1215 1124 1248 cum
1161 1197 1431 1263 Sophista,
1481 1199 1702 1256 Politice
1740 1206 1799 1258 et

98 1273 399 1325 Parmenide
434 1270 706 1322 intercedit
742 1270 825 1320 vel
859 1271 1143 1335 argumenti
1176 1271 1258 1319 vel
1290 1271 1544 1336 propositi
1582 1277 1636 1322 et
1672 1288 1799 1328 con-

98 1348 199 1397 silii
234 1344 592 1405 necessitudo,
626 1358 724 1392 nec
758 1343 856 1392 alia
891 1342 1110 1408 denique
1145 1341 1594 1407 deprehenduntur
1631 1346 1794 1411 signa,
1866 1376 1869 1378 -

99 1436 161 1469 ex
197 1418 378 1484 quibus
416 1433 532 1465 eum
585 1420 703 1480 post
739 1414 825 1464 illa
872 1413 1074 1463 demum
1111 1430 1267 1479 opera
1302 1416 1639 1482 compositum
1678 1433 1799 1471 esse

95 1490 439 1540 verisimiliter
505 1487 798 1556 suspiceris,
892 1486 1000 1536 lmo
1037 1487 1203 1536 omnia
1237 1486 1482 1548 suadent,
1520 1496 1579 1537 ut
1614 1505 1731 1546 eum
1766 1506 1799 1546 a

98 1563 312 1612 Platone
354 1560 598 1624 scriptum
649 1558 1024 1619 existimemuS,
1073 1573 1172 1623 quo
1218 1562 1455 1623 tempore
1501 1560 1648 1614 iactis
1688 1562 1795 1628 pri-

94 1635 191 1684 mi's
225 1632 449 1687 idearum
489 1630 749 1679 doctrinae
780 1628 1121 1685 fundamentis
1155 1628 1484 1680 Heracliteos
1523 1635 1577 1697 et
1613 1631 1799 1682 Prota.-

93 1720 283 1773 goreos
329 1702 643 1767 redarguere
694 1708 750 1749 et
783 1699 1051 1756 confutare
1100 1702 1471 1757 constituisset.
1544 1702 1672 1760 Nam
1702 1705 1795 1754 iu-

95 1778 275 1828 venilis
310 1773 704 1841 propemodum,
742 1772 892 1827 sicuti
928 1772 979 1821 in
1013 1770 1336 1841 Euthydemo
1376 1781 1430 1823 et
1465 1771 1649 1840 Hippia
1689 1793 1795 1827 ma-

31 1875 33 1877 ·
97 1851 236 1910 iore,
282 1848 333 1897 in
386 1862 450 1895 eo
483 1850 665 1910 regnat
700 1844 1006 1909 protervitas
1045 1849 1099 1894 et
1130 1843 1431 1908 petulantia,
1479 1851 1534 1895 ut
1583 1864 1795 1900 comoe-

98 1922 215 1971 diae
251 1920 320 1969 sit
369 1917 582 1967 similior
628 1932 776 1980 quam
824 1915 1022 1980 dialogo
1068 1914 1138 1965 in'
1167 1912 1520 1983 philosophiae
1567 1918 1797 1979 decretis

98 1989 412 2043 illustrandis
459 1993 734 2053 occupat03
779 1986 1005 2041 idearum
1048 1986 1279 2043 doctrina
1325 1989 1427 2040 etsi
1467 1990 1796 2050 Heracliteo-

100 2082 211 2115 rum
248 2058 564 2128 opinionibus
602 2059 901 2124 opponitur,
937 2063 1108 2114 tamen
1145 2067 1573 2117 commemoratur
1610 2067 1700 2127 sic,
1738 2073 1797 2117 ut

101 2133 436 2202 philosophus
474 2147 532 2180 se
569 2131 634 2179 de
670 2147 731 2179 ea
767 2135 944 2196 postea
978 2131 1227 2196 temporis
1273 2135 1554 2186 accuratius
1594 2140 1795 2203 exposi-

100 2217 269 2259 turum
307 2220 427 2255 esse
462 2203 744 2268 significet3
781 2202 916 2251 nulla
952 2202 1069 2252 dum
1107 2204 1321 2269 vestigia
1343 2204 1797 2274 Pythagoricorum

99 2280 399 2347 placitorum
434 2275 716 2325 accuratius
753 2276 1070 2340 cognitorum
1105 2277 1445 2339 reperiuntur,
1482 2280 1797 2347 quaequam

101 2354 205 2403 sint
252 2352 303 2400 in
354 2346 650 2398 Parmenide
693 2345 906 2412 aliisque
969 2347 1113 2397 libris
1160 2346 1479 2413 frequentia,
1529 2368 1622 2401 suo
1660 2360 1792 2410 tem..

101 2438 231 2490 pore
284 2419 764 2479 demonstr-abimum
821 2434 934 2474 nam
984 2420 1070 2484 qui
1111 2418 1254 2475 locus
1304 2420 1405 2471 huc
1439 2421 1631 2475 referri
1666 2442 1796 2481 unns

104 2499 281 2561 potest
331 2507 381 2557 p.
416 2491 538 2541 405.
581 2491 670 2551 0.,
709 2491 753 2540 is
790 2491 915 2539 nihil
969 2492 1172 2557 attingit
1206 2498 1411 2564 praeter
1446 2495 1582 2547 illam
1619 2499 1795 2553 coele..

108 2567 259 2617 stium
309 2578 573 2628 corporum
620 2562 958 2624 harmoniam,
1011 2579 1139 2629 quae
1172 2570 1316 2615 certe
1350 2566 1567 2617 Athenis
1604 2570 1797 2629 dudum·

107 2641 155 2688 in
191 2636 370 2702 vulgus
418 2642 538 2684 nota
570 2634 671 2684 suit
695 2632 779 2703 *);
828 2635 946 2698 quid
994 2635 1128 2701 quod
1163 2651 1228 2686 ne
1263 2635 1638 2704 Megaricorum
1677 2643 1792 2708 qui„

108 2712 224 2760 dem
262 2722 469 2772 usquam
503 2706 723 2760 habetur
756 2708 917 2770 ratio,
959 2723 1086 2772 quos
1124 2712 1293 2764 tamen
1328 2710 1380 2760 in
1415 2711 1494 2767 liis
1532 2717 1795 2779 quaestio-

108 2784 255 2832 nibus
315 2778 588 2829 tractandis
644 2785 876 2830 versatos
941 2795 1057 2829 esse
1123 2794 1225 2830 non
1284 2786 1480 2838 temere
1539 2788 1792 2843 coniicias,

108 2853 253 2903 llaec
294 2850 444 2915 igitur
478 2857 629 2917 atque
663 2850 760 2900 alia
795 2850 846 2900 id
891 2866 1049 2917 genus
1084 2851 1230 2916 plura
1267 2855 1412 2904 nobis
1439 2857 1637 2922 quidem
1675 2874 1798 2909 cer..

113 2934 169 2975 to
218 2922 455 2972 videntur
500 2938 617 2977 esse
661 2921 992 2988 documento,
1042 2922 1235 2989 Gratyli
1264 2928 1610 2994 ,scriptionem
1655 2931 1707 2989 1„
1743 2931 1797 2990 ω

168 3149 220 3197 ·)
254 3150 335 3186 Res
371 3158 599 3198 ”nequam
630 3154 695 3189 est
725 3150 952 3202 notabilis,
988 3164 1116 3201 quum
1149 3151 1439 3205 Pythagoreo·
1478 3157 1528 3197 de
1559 3161 1798 3202 vocabulo-

256 3217 350 3244 rum
385 3204 554 3257 origine
586 3209 906 3257 disputationes
939 3210 1174 3259 agitavisse
1204 3219 1365 3252 certum
1400 3214 1457 3252 sit
1489 3220 1616 3268 atque
1643 3221 1800 3270 explo-

259 3268 423 3308 numu
454 3277 493 3303 v.
527 3265 716 3304 nnis.
745 3265 795 3304 od
828 3267 954 3306 Tune.
989 3270 1020 3307 Ι.
1060 3271 1127 3306 25.
1189 3271 1353 3313 quodni
1385 3272 1523 3321 igitur
1559 3275 1679 3316 Plato
1712 3290 1798 3326 quo

261 3326 456 3368 tempore
495 3322 715 3371 crustum
757 3322 958 3374 scrip-it,
998 3326 1079 3365 ium
1119 3326 1342 3366 liuhais-et
1373 3333 1686 3372 accuratiorem
1717 3335 1797 3374 do-

262 3380 426 3418 etrinae
457 3380 748 3432 luth-gorea
779 3381 1002 3437 notitiam,
1034 3383 1111 3423 vix
1142 3396 1236 3424 eum
1270 3386 1429 3427 (uiuet
1458 3389 1750 3439 neglecturus.
