2066 3666
608 181 1126 237 ALCIBIADES
1188 183 1225 236 l.
1664 186 1772 239 nu

67 337 215 406 poris
259 333 455 387 cultum
498 333 806 401 pertinentis
854 331 1010 396 periti
1051 335 1184 380 sunt.
1264 332 1431 396 Quum
1475 348 1599 386 vero
1638 347 1769 388 unus

68 412 264 460 animus
315 410 413 466 sit,
463 423 564 472 quo
600 405 815 454 humana
840 411 1019 452 natura
1053 403 1364 465 absolvitur,
1411 411 1465 455 te
1515 409 1600 472 qui
1643 424 1768 460 vere

66 488 233 541 amat,
269 495 302 529 o
338 477 616 537 Alcibiade,
652 491 753 525 non
789 489 978 540 corpus
1014 481 1174 536 tuum,
1211 475 1303 523 sed
1338 478 1555 527 animum
1591 482 1766 544 potius

68 569 239 602 amare
286 551 459 607 debet.
541 550 652 612 Qua
697 549 748 596 in
795 561 856 595 re
901 547 1134 610 quoniam
1179 548 1343 596 ceteri
1390 555 1642 599 amatores
1687 553 1766 602 tui

68 640 184 674 cum
219 623 369 687 vulgo
407 624 736 678 erraverunt,
776 619 944 666 evenit
977 617 1128 678 illud,
1165 617 1231 665 de
1266 633 1367 684 quo
1403 627 1552 669 antea
1585 621 1765 688 loque·

63 696 270 754 bamur,
326 699 384 741 ut
431 692 487 740 hi
534 697 589 740 te
634 690 979 749 deseruerint,
1039 705 1138 753 ego
1187 695 1243 738 te
1290 693 1543 740 constanti
1590 709 1766 745 amore

63 781 367 832 prosequar.
437 763 566 812 Nam
601 763 818 810 animum
869 762 977 809 veri
1011 761 1243 825 rectique
1277 769 1525 812 amantem
1566 780 1765 830 perpe·-

63 846 158 888 tuo
194 837 464 901 diligimus.
535 834 618 883 'l'u
654 840 823 882 autem
860 847 990 880 nunc
1037 833 1088 882 iu
1138 847 1201 880 eo
1237 835 1424 883 aetatis
1472 834 1603 884 flore
1637 839 1765 887 con·-

64 895 278 960 stitutus
314 923 397 967 es,
432 911 492 955 ut
530 921 681 971 quum
718 904 883 952 forma
921 908 974 952 et
1011 903 1302 968 pulcritudo
1338 907 1570 970 corporis
1607 907 1763 958 ‹lece-

62 981 171 1042 dat,
207 982 322 1046 ipse
355 979 548 1028 animus
575 984 692 1026 tuus
729 977 827 1025 iam
850 975 1024 1040 vigere
1049 974 1250 1024 demum
1273 977 1497 1043 incipiat.
1568 979 1764 1049 Quodsi

62 1053 221 1119 igitur
255 1051 385 1101 hanc
413 1050 510 1099 tibi
535 1047 913 1098 conservaveris
955 1047 1106 1096 animi
1141 1049 1380 1098 virtutem
1423 1064 1588 1113 neque
1623 1051 1765 1117 turpi
1807 1067 1809 1069 ’

60 1125 230 1190 plebia
266 1122 554 1172 adulatione
589 1119 1034 1181 contaminaveris,
1082 1135 1335 1186 nunquam
1381 1119 1613 1174 futurum
1660 1128 1763 1189 est,

59 1202 123 1248 ut
155 1211 326 1245 amare
360 1199 419 1244 te
453 1192 678 1242 desinam
716 1189 788 1259 *).

204 1266 318 1317 Hac
367 1266 601 1315 oratione
646 1266 932 1314 commotus
981 1259 1284 1314 adolescens
1333 1269 1392 1316 et
1434 1263 1486 1318 vi
1525 1263 1761 1321 veritatis

61 1339 333 1406 perculsus
367 1346 616 1403 protenus
655 1335 920 1385 Socratem
956 1334 1082 1385 illud
1118 1341 1296 1402 rogat,
1332 1351 1459 1400 qua
1491 1340 1762 1392 ratione

62 1411 285 1461 nostri
333 1425 550 1460 curam
602 1408 852 1473 optime
899 1423 1199 1472 geramus
1302 1404 1482 1475 Itaque
1526 1410 1614 1461 hic
1658 1412 1761 1464 vim

61 1488 120 1533 et
155 1481 459 1532 sententiam
495 1481 619 1530 dicti
651 1479 789 1529 illius
825 1478 1090 1544 Delphici:
1161 1478 1368 1529 Nosce
1418 1485 1484 1531 te
1530 1482 1760 1548 ipsum,

61 1554 325 1604 declarare
374 1553 611 1606 instituit.
682 1552 794 1614 Qua
841 1551 894 1600 in
938 1550 1295 1616 disputatione„
1339 1552 1505 1603 utitur
1554 1569 1764 1621 compa-

57 1627 262 1676 ratione
296 1622 361 1673 ad
396 1623 474 1685 id,
522 1622 661 1687 quod
694 1622 1038 1687 explicaturus
1085 1626 1196 1683 est,
1241 1621 1595 1676 illustrandum
1630 1625 1767 1677 haud

60 1713 184 1748 sane
216 1698 405 1761 inepta.
476 1694 938 1758 Quemadmodum,
971 1695 1164 1759 inquit,
1213 1694 1258 1744 si
1306 1695 1418 1759 quis
1461 1697 1613 1747 oculo
1647 1713 1766 1748 cor·-

60 1770 202 1836 poris
235 1768 590 1834 praeciperet,
638 1772 698 1816 ut
743 1781 803 1815 se
842 1767 1009 1831 ipsum
1047 1766 1510 1832 contemplaretur,
1556 1770 1601 1819 is
1637 1769 1767 1820 nihil

61 1840 200 1891 aliud
233 1840 392 1889 vellet
426 1839 573 1899 fieri,
610 1841 759 1904 quam
793 1843 852 1888 ut
889 1838 1067 1887 oculus
1103 1837 1155 1886 id
1193 1839 1569 1903 consideraret,
1615 1843 1763 1894 cuius

59 1915 112 1963 vi
146 1918 314 1962 semet
358 1913 523 1976 ipsum
559 1915 827 1970 cerneret,
876 1909 928 1959 id
980 1914 1064 1958 est
1100 1910 1302 1972 oculum
1346 1911 1499 1963 alium
1546 1914 1761 1980 eiusque
1860 1933 1862 1939 ’

62 1985 254 2044 acicm3
291 1985 363 2033 ita
396 1982 482 2047 qui
515 1981 771 2031 homiuem
807 1981 952 2031 iubet
989 1985 1154 2031 semet
1183 1983 1352 2047 ipsum
1373 1999 1608 2046 noscere,
1645 2001 1764 2038 eum

60 2057 174 2106 vult
209 2055 399 2105 intueri
436 2059 492 2103 ct
526 2053 851 2103 considerare
887 2052 985 2114 id,
1023 2052 1159 2119 quod
1195 2055 1297 2120 ipsi
1331 2060 1417 2106 est
1454 2057 1766 2110 simillimum
1856 2080 1860 2082 >

0 2153 6 2174 ι
62 2135 120 2178 et
160 2143 333 2176 veram
389 2126 752 2176 humanitatem
797 2124 1188 2191 complectitur,
1244 2125 1346 2176 hoc
1403 2132 1489 2179 est
1544 2130 1766 2182 animum

60 2203 274 2264 eiusque
320 2205 520 2264 partem
562 2198 1067 2263 praestantissimam.
1138 2197 1240 2247 Est
1286 2202 1458 2251 autem
1499 2200 1551 2251 in
1595 2202 1766 2255 animo

59 2279 240 2323 nostro
276 2270 404 2320 nihil
439 2269 622 2318 melius
659 2275 832 2319 mente
870 2274 924 2318 et
959 2269 1239 2334 sapientia,
1285 2286 1382 2336 qua
1416 2287 1516 2321 una
1548 2274 1765 2324 maxime

60 2345 125 2394 ad
160 2342 535 2392 similitudinem
572 2358 686 2391 cum
721 2341 820 2390 deo
845 2340 1119 2390 evehimur.
1192 2339 1336 2391 Hanc
1371 2343 1529 2409 igitur
1563 2345 1650 2409 qui
1685 2346 1766 2396 in·-

27 2424 35 2434 '
64 2421 273 2475 tuetur,
322 2415 368 2464 is
413 2430 498 2463 res
534 2412 721 2464 divinas
765 2400 918 2478 atqu‘e
955 2413 1253 2478 sapientiam
1288 2429 1504 2466 cernere
1539 2416 1767 2468 iudican-

63 2489 163 2537 dus
201 2493 313 2547 est,
353 2501 520 2550 eoque
556 2486 703 2535 simul
737 2484 801 2534 ad
841 2486 919 2534 sui
954 2485 1296 2550 cognitionem
1332 2487 1615 2552 pervenire.
1665 2489 1767 2540 ‘Ex

70 2574 172 2625 quo
226 2558 451 2608 nascitur
505 2558 659 2607 etiam
723 2556 993 2623 prudentia
1041 2557 1148 2606 sive
1198 2555 1556 2628 σωφροσύνη.
1635 2559 1767 2612 Nam

69 2633 157 2696 qui
204 2646 264 2680 se
300 2631 468 2695 ipsum
502 2631 669 2690 novit,
722 2630 769 2679 is
806 2635 1030 2679 mentem
1065 2628 1224 2679 habet
1258 2630 1389 2681 bene
1425 2637 1767 2698 temperatam

66 2703 288 2768 ideoque
323 2700 544 2767 prudens
581 2707 688 2760 est3
733 2701 820 2764 qui
864 2716 922 2750 se
959 2706 1138 2750 contra
1171 2701 1402 2767 ignorat,
1445 2718 1564 2754 vera
1601 2704 1769 2755 desti·-

67 2776 232 2826 tuitus·
268 2773 535 2839 prudentia
579 2789 638 2822 ac
685 2788 750 2822 ne
787 2788 961 2822 rerum
997 2771 1201 2836 quidem
1237 2790 1439 2824 suarum
1473 2775 1770 2843 intelligen-

68 2848 192 2897 tiam
217 2845 374 2895 habet
398 2844 567 2905 ullam,
603 2845 649 2895 ai
678 2843 882 2909 quidem
917 2843 1193 2894 diiudicare
1225 2860 1336 2896 non·
1363 2851 1559 2911 potest,
1597 2854 1769 2899 utrum

68 2918 233 2970 bonae
280 2933 343 2967 an
392 2915 554 2965 malae
602 2916 719 2969 sint.
791 2916 962 2980 Atque
1010 2931 1074 2966 ex
1120 2916 1204 2967 hia
1239 2919 1470 2968 omnibus
1508 2920 1772 2969 evidenter

68 2994 286 3055 apparet
338 2987 586 3038 eiusmodi
630 2988 888 3037 hominem
938 3003 1034 3037 nec
1086 2986 1150 3039 ad
1195 2989 1563 3055 rempublicam
1610 2991 1770 3041 admi-

69 3059 381 3112 nistrandam
416 3059 650 3109 idoneum
687 3074 836 3121 ease,
882 3059 926 3108 si
959 3058 1164 3124 quidem
1210 3060 1288 3120 ia,
1334 3061 1420 3124 qui
1455 3078 1514 3112 se
1550 3077 1771 3127 suasque

31 3147 160 3199 ,rea
207 3134 438 3198 ignorat,
498 3146 564 3180 ne
619 3130 834 3181 aliorum
891 3130 1095 3196 quidem
1141 3133 1486 3197 cognitionem
1541 3133 1769 3186 habebit.

31 3200 38 3213 '
69 3201 253 3271 Neque
290 3204 424 3254 enim
459 3202 747 3270 intelliget,
792 3201 915 3268 quid
949 3203 1050 3254 sibi
1081 3200 1371 3255 faciendum
1407 3206 1505 3267 ait,
1551 3204 1772 3271 ideoque

128 3444 179 3500 ⁶)
234 3447 282 3487 r.
314 3446 411 3490 υτ.
443 3446 494 3487 o.
523 3463 577 3475 -
611 3444 709 3485 ιη.
737 3445 790 3486 Α.

1154 3526 1225 3578 1⁸1
1261 3523 1289 3558 ⁸
