2066 3666
272 166 377 219 174
821 161 852 204 f
904 160 1323 225 PLAToNis

268 325 370 378 quo
405 308 556 363 modo
592 306 852 364 certamen
884 309 1015 359 inire
1051 307 1206 360 satius
1245 308 1327 360 sit.
1399 305 1650 373 Quidnam.
1688 307 1846 372 igitur
1891 308 1958 356 ila

265 384 352 433 lud
391 388 489 443 est,
527 383 660 446 quod
695 384 878 438 melius
917 397 1033 430 esse
1069 381 1194 430 dicis
1230 381 1282 429 iu
1320 379 1580 443 republica
1614 380 1957 430 moderanda?

266 456 512 505 Nimirum
558 455 642 502 hic
677 455 872 503 iustitia
924 458 978 502 et
1012 453 1257 501 iniustitia
1289 450 1609 517 respicienda
1646 457 1743 504 est.
1814 453 1956 517 Ergo

266 533 322 576 te
357 527 480 575 iuris
518 527 737 591 peritum
776 541 892 573 esse
931 529 1142 587 oportet
1176 521 1246 590 *).
1680 513 1689 521 ¹

410 596 507 646 His
552 597 812 661 explicatis
852 593 1094 644 Socrates
1142 595 1306 659 arguit
1349 588 1659 646 Alcibiadem
1708 606 1960 655 nunquam

265 669 395 719 haec
431 668 694 729 didicisse,
734 683 883 731 quum
920 667 1110 715 nullum
1146 655 1350 730 tempus
1386 667 1553 729 possit
1586 665 1820 724 inveniri,
1860 678 1962 727 quo

267 757 330 792 ea
366 740 716 806 pervestigare
753 744 806 787 et
844 739 1109 803 explorare
1142 738 1433 785 instituerit.
1506 735 1633 785 Nam
1682 741 1799 784 ante
1836 750 1960 799 pue·-

243 813 414 863 'ritiae
457 818 660 877 tempus
705 811 824 860 talia
870 826 971 858 uon
1018 823 1174 874 posse
1214 801 1575 872 comprehendi
1611 813 1764 870 atque
1801 806 1962 855 medi-

266 883 421 934 tando
470 883 690 946 exquiri3
751 883 802 930 iu
854 882 1072 946 pueritia
1128 884 1297 929 autem
1344 893 1478 928 eum*
1512 890 1626 929 cum
1669 877 1962 944 aequalibus

266 963 651 1006 conversantem
687 955 784 1003 sibi
817 953 916 1002 iam
950 953 1112 1001 visum
1153 969 1268 1001 esse
1316 944 1417 1000 ista
1463 953 1627 1000 omnia
1663 951 1964 1016 percepisse

266 1032 605 1089 accurateque
641 1024 990 1074 intellexisse.'
1044 1024 1218 1088 Itaque
1254 1023 1569 1084 Alcibiades,
1607 1023 1687 1071 his
1726 1022 1958 1070 dialecti·

266 1114 354 1148 ces
391 1099 585 1161 laqueis
624 1112 681 1153 se
719 1096 1063 1161 expediturus,
1100 1095 1401 1160 respondet,
1441 1095 1753 1144 &siliarum
1787 1108 1959 1142 rerum

264 1170 457 1220 nullum
492 1165 1082 1232 habueritxmagistrum,
1133 1171 1301 1216 tamen
1358 1182 1387 1214 a
1434 1167 1607 1231 populi
1642 1165 1963 1214 multitudine

266 1257 326 1293 se
364 1238 630 1300 didicisse,
657 1239 798 1304 'quid
845 1240 1074 1288 iustitiae
1112 1238 1406 1298 conveniat,
1450 1238 1567 1300 quid
1610 1238 1657 1285 ei
1691 1241 1962 1300 repugnet.

265 1314 339 1365 At
379 1328 502 1361 vero
539 1311 781 1361 Socrates
831 1309 1073 1376 populum
1120 1310 1305 1358 malum
1351 1314 1528 1358 censet
1563 1309 1789 1357 iustitiae
1842 1322 1968 1358 esse

233 1385 580 1450 ‚magistrum,
618 1384 703 1446 qui
738 1398 802 1431 ne
839 1383 1058 1431 talorum
1094 1381 1294 1447 quidem
1326 1381 1498 1429 ludum
1525 1395 1806 1443 quenquam
1841 1393 1962 1443 pos-

237 1459 335 1507 ‘sit
371 1461 517 1505 recte
555 1454 792 1507 edocere.
867 1454 961 1503 Cui
995 1454 1086 1502 ille
1124 1454 1246 1502 satis
1284 1458 1434 1501 acute
1457 1452 1664 1516 reponit
1691 1451 1867 1499 eadem
1904 1465 1964 1499 se

263 1528 481 1588 ratione,
524 1540 620 1592 qua
657 1527 905 1599 sermonis
940 1527 1092 1590 patrii
1127 1526 1358 1574 notitiam
1393 1541 1420 1572 a
1458 1524 1648 1589 populo
1686 1523 1962 1586 acceperit,
2040 1543 2066 1576 ’.

265 1601 420 1650 etiam
447 1600 671 1648 iustitiae
698 1599 1036 1662 cognitionem
1075 1592 1147 1645 illi
1182 1601 1444 1660 acceptam
1480 1595 1698 1647 referre.
1768 1594 1963 1645 Verum

265 1671 505 1723 Socrates
554 1683 832 1734 quanquam
884 1669 1096 1735 largitur
1132 1668 1332 1717 Graece
1380 1667 1617 1730 loquendi
1667 1666 1963 1713 facultatem

263 1760 294 1794 a
330 1744 520 1808 populo
557 1757 711 1807 posse
747 1739 962 1802 addisci,
1010 1746 1070 1789 ut
1106 1741 1189 1804 qui
1228 1739 1436 1787 eandem
1473 1737 1711 1801 loquendi
1749 1748 1963 1785 consue-

263 1816 492 1864 tudinem
522 1819 814 1863 constanter
854 1817 1030 1861 teueat
1065 1817 1120 1860 et
1142 1812 1410 1870 observet·;
1447 1814 1617 1858 tamen
1653 1809 1717 1856 de
1734 1809 1964 1857 iustitiae

262 1879 585 1936 institutione
633 1901 691 1933 ac
729 1884 992 1948 disciplina
1038 1884 1171 1931 idem
1219 1882 1452 1937 iudicari,
1480 1897 1580 1930 nou
1624 1896 1780 1945 posse
1829 1880 1965 1928 arbi-

262 1963 458 2017 tratur,
513 1962 788 2022 propterea
840 1954 974 2020 quod
1017 1955 1234 2019 populus
1286 1954 1352 2002 de
1398 1954 1534 2001 iusto
1582 1959 1732 2014 atque
1775 1952 1962 2000 iniusto
2036 1957 2043 1993 ἐ

264 2030 481 2080 mirifice
518 2029 738 2093 ambigat
771 2043 829 2076 ac
866 2027 1147 2077 dissentiat.
1223 2024 1379 2075 Cuius
1416 2025 1697 2089 argumenti
1745 2025 1844 2072 vim
1884 2028 1962 2071 at·
2036 2051 2039 2055 ·

266 2118 365 2167 que
411 2100 608 2166 pondus
657 2101 881 2149 sentiens
927 2098 1339 2147 adolescentulus
1389 2111 1450 2144 eo
1487 2096 1691 2144 taudem
1726 2094 1963 2158 perduci-
2036 2094 2039 2098 ’

181 2184 182 2188 ’
260 2178 373 2236 tur,
411 2178 471 2222 ut
509 2173 932 2241 sepiustitiae
969 2171 1347 2235 imperitum
1385 2182 1503 2216 esse
1539 2166 1842 2214 confiteatur
1863 2162 1965 2232 **).

407 2244 512 2294 Sed
528 2260 612 2293 <ne
650 2245 723 2292 sic
759 2244 962 2306 quidem
992 2242 1081 2314 ille
1119 2257 1320 2289 causam
1355 2255 1493 2288 suam
1531 2244 1774 2303 protenus
1813 2237 1963 2286 dese-

262 2317 349 2367 rit.
395 2315 758 2381 ,Co'nfugit
803 2316 932 2363 enim
987 2327 1015 2361 a
1062 2313 1330 2361 iustitia
1379 2310 1451 2359 ad
1498 2310 1815 2370 utilitatis
1864 2324 1965 2358 ra·
2040 2365 2049 2382 A

264 2389 551 2448 tionem,
587 2403 705 2436 raro
741 2387 1085 2436 Athenienses
1122 2398 1333 2432 monens
1373 2383 1436 2430 de
1476 2396 1566 2441 e0,
1605 2380 1737 2445 quod
1777 2382 1963 2429 iustum

266 2461 362 2521 sit,
411 2477 470 2508 ac
508 2475 711 2523 semper
747 2458 864 2507 fere
913 2457 977 2505 de
1027 2471 1120 2515 eo,
1159 2454 1293 2519 quod
1342 2456 1410 2502 sit
1452 2453 1579 2501 utile
1617 2460 1671 2500 et
1707 2452 1959 2516 expediat,

265 2531 570 2590 deliberare3
603 2547 703 2579 non
734 2540 859 2579 ‘esse
900 2529 1033 2577 euim
1069 2527 1195 2575 utile
1228 2526 1361 2574 idem
1400 2530 1552 2589 atque
1586 2526 1800 2585 iustum,
1837 2539 1963 2588 pro-

263 2608 445 2668 pterea
495 2603 626 2667 quod
673 2602 844 2651 multis
893 2613 1106 2665 maguae
1154 2599 1366 2647 iniuriae
1422 2605 1665 2645 summam
1702 2596 1967 2644 attulerint

265 2676 566 2734 utilitatem,
632 2690 689 2722 ac
749 2674 969 2722 vicissim
1028 2669 1222 2720 iustitia
1279 2669 1526 2720 damnum.
1622 2667 1718 2716 His
1782 2667 1963 2715 auditis
2025 2680 2029 2688 ‘¹

266 2746 507 2796 Socrates
550 2746 762 2809 primum
801 2745 1001 2809 quidem
1040 2746 1417 2807 argumentatur
1459 2740 1790 2790 Alcibiadeu'r
1819 2740 1965 2802 iguo·
2022 2733 2031 2786 3,

265 2834 412 2879 rare,
463 2817 580 2882 quid
628 2819 696 2865 sit
743 2817 893 2877 utile3
941 2815 1123 2865 deinde
1173 2813 1297 2862 illud
1342 2828 1441 2859 uon
1481 2827 1598 2859 esse
1645 2811 1707 2859 ab
1744 2811 1964 2858 honesto
2007 2839 2045 2855 ·.

268 2891 552 2940 seiunctum
590 2888 852 2937 contendit
884 2884 1014 2956 ***).
1089 2885 1235 2948 Quod
1271 2884 1473 2947 quidem
1510 2883 1605 2931 hac
1643 2886 1963 2946 argumenta.-
2016 2873 2045 2928 ‚¹³

264 2963 407 3012 tione
445 2959 660 3010 efficere
707 2960 930 3010 studet„
970 2956 1222 3023 Quidquid
1269 2957 1459 3005 iustum
1508 2959 1641 3016 est,
1661 2955 1863 3017 inquit,
1911 2951 1964 3002 id
2014 2947 2019 2981 ἶ

347 3190 394 3244 t)
454 3192 501 3232 P.
531 3192 630 3229 1⁰6.
659 3191 711 3229 A.
742 3208 802 3220 --
835 3189 930 3227 109.
961 3190 1010 3228 e.

319 3276 396 3330 **>
457 3278 502 3315 P.
535 3277 632 3315 109.
655 3265 712 3321 c.
741 3295 796 3304 —-
831 3276 927 3314 113.
959 3278 1007 3315 c,

299 3358 405 3417 mn)
463 3361 622 3401 Fuisse
662 3361 773 3399 hane
813 3359 1011 3399 Socratis
1043 3358 1300 3398 sententiam
1342 3354 1490 3396 docuit
1517 3351 1797 3409 Staudlina
1856 3354 1964 3394 Gen

471 3419 728 3460 :chichte
760 3418 853 3457 der
884 3416 1458 3467 Mei-alphilouophie.
1491 3427 1533 3465 p.
1564 3417 1621 3453 84
1652 3426 1741 3463 nqq.

2052 444 2066 510 ἐ
