2066 3666
237 155 323 206 ,Η
892 147 1314 202 PLATONIS

249 311 421 348 rerum
481 296 668 346 fluxum
713 295 1143 362 agitationemque
1196 294 1485 359 significarit
1569 294 1760 347 Contra
1804 298 1935 349 hanc

245 371 404 435 igitur
439 369 740 418 sententiam
765 367 1004 417 Socrates
1038 366 1166 415 haec
1200 366 1441 431 disputat.
1514 365 1612 429 Qui
1645 370 1798 419 rebus
1834 386 1936 435 po-

247 442 352 491 suit
387 441 608 500 nomina,
659 440 852 504 inquit,
897 439 943 487 is
979 437 1079 486 hoc
1114 438 1262 486 unice
1298 453 1482 503 agens,
1525 439 1661 502 quod
1696 440 1797 503 ipsi
1831 440 1935 490 fuit

245 513 598 578 propositum,
644 527 817 560 rerum
861 511 960 559 vim
1004 512 1337 581 ‘naturamque
1382 525 1482 559 non
1524 509 1797 575 diligenter
1845 512 1936 560 ob-

246 584 493 634 servavit:
530 598 626 632 nec
659 582 900 647 profecto
937 581 1104 644 magni
1137 581 1382 629 momenti
1418 585 1528 641 est,
1579 581 1715 646 quod
1751 582 1936 633 dicitur

244 656 447 705 nomina
484 655 729 720 pleraque
767 653 932 702 omnia
965 651 1029 700 ad
1063 651 1198 700 idem
1235 651 1449 701 tendere
1482 650 1660 715 videri,
1694 654 1795 703 hoc
1834 660 1936 715 est,

245 742 420 776 rerum
445 725 843 775 vicissitudinem
869 727 1162 788 motumque
1185 724 1434 773 indicare:
1472 723 1524 772 id
1557 725 1690 774 enim
1729 742 1827 791 per
1851 741 1935 774 er-

242 814 415 848 rorem
453 799 524 847 ita
549 797 781 846 accidere
818 796 1006 861 potuit.
1078 794 1159 845 Ad
1177 793 1278 845 hoc
1313 794 1528 856 accedit,
1566 796 1699 861 quod
1721 797 1937 862 plurima

241 871 397 920 etiam
433 870 759 934 reperiuntur
802 867 1068 926 vocabula,
1115 878 1389 931 quae·non
1434 873 1626 917 motum
1662 869 1756 933 sed
1793 863 1938 935 quie'·

243 947 350 993 tem
396 956 567 990 rerum
627 938 931 1006 significant.
1029 937 1209 989 Veluti
1273 939 1551 1001 scientiae,
1611 936 1933 1009 ἐπιστήμης,

242 1027 426 1063 nomen
470 1015 649 1076 aperte
701 1027 729 1060 a
777 1009 944 1060 standi
998 1009 1156 1059 verbo
1201 1008 1476 1061 formatum
1522 1015 1618 1060 est.
1702 1010 1780 1061 Ex
1834 1027 1935 1077 quo

240 1083 548 1135 concludere
602 1082 779 1131 licebit
825 1082 1079 1132 nominum
1125 1086 1385 1132 auctorem
1441 1081 1826 1148 haudquaqaum
1883 1084 1935 1133 iu

244 1171 307 1205 ea
345 1155 510 1205 fuisse
563 1155 844 1214 sententia,
893 1159 952 1203 ut
998 1153 1163 1202 omnia
1215 1153 1380 1203 fluere
1426 1155 1758 1213 existimaret.
1830 1154 1935 1205 Sed

239 1227 378 1294 quod
411 1226 951 1291 longegravissimum
989 1228 1087 1285 est,
1116 1225 1365 1289 premitur
1396 1223 1526 1274 haec
1561 1227 1817 1276 sententia
1850 1228 1936 1278 iu-

238 1298 374 1364 signi
422 1298 744 1356 difficultate.
815 1296 942 1346 Nam
980 1297 1025 1346 si
1061 1296 1331 1346 statuimus
1366 1312 1396 1346 a
1429 1298 1714 1347 nominibus
1737 1295 1936 1363 ¹perve-

236 1371 336 1422 niri
383 1369 446 1420 ad
490 1371 712 1435 ipsarum
758 1384 931 1419 rerum
967 1369 1338 1433 cognitionem,
1387 1374 1573 1433 sponte
1604 1371 1938 1435 consequitur

236 1443 458 1509 primum
513 1441 872 1490 vocabulorum
930 1445 1220 1501 auctorem,
1270 1441 1386 1505 quia
1438 1439 1659 1490 nondum
1716 1441 1938 1492 habebat

233 1515 437 1567 nomina
483 1513 702 1578 ideoque
757 1528 844 1562 res
894 1513 1006 1563 sine
1049 1512 1151 1562 illis
1202 1510 1534 1577 cognoscere·
1559 1527 1660 1562 non
1708 1518 1936 1578 poterat,

232 1599 335 1637 non
379 1587 624 1636 scientem
671 1584 764 1634 sed
810 1585 1127 1650 ignorantem
1176 1584 1376 1634 nomina
1420 1584 1576 1635 rebus
1610 1585 1935 1650 imposuisse.

228 1659 290 1709 P.
326 1658 450 1708 435.
488 1657 548 1709 C.
584 1681 654 1693 -ν-
691 1655 813 1708 438.
852 1654 913 1708 Β.

376 1757 433 1808 In
480 1756 736 1822 angustias
786 1754 1082 1820 compulsus
1119 1754 1356 1818 cratylus
1398 1769 1541 1824 anunc
1580 1769 1643 1804 eo
1681 1754 1933 1823 confugit,

226 1836 294 1882 fut
329 1829 528 1880 nomina
578 1828 712 1876 dicat
748 1842 776 1874 a
810 1828 1014 1875 numine
1048 1827 1335 1875 hominibus
1370 1828 1774 1891 praestantiore,
1823 1831 1931 1879 sive

232 1904 334 1954 deo
385 1903 492 1950 sive
540 1900 787 1948 daemone
834 1899 1028 1962 aliquo,
1073 1898 1456 1946 rebus-tributa
1493 1914 1624 1948 esse.
1699 1901 1756 1949 Id
1795 1903 1930 1966 quod

231 1974 409 2038 colligi
434 1973 591 2021 licere
628 1971 698 2019 ait
735 1985 797 2018 ex
831 1968 1188 2018 vocabulorum
1216 1984 1329 2018 cum
1367 1969 1522 2018 rebus
1559 1973 1926 2035 convenientia,

166 2040 167 2044 ¹
235 2062 365 2113 quae
402 2045 671 2093 humanum
719 2046 934 2105 superet
983 2042 1237 2105 ingenium
1272 2037 1345 2108 *).
1419 2040 1522 2089 Sed
1572 2040 1702 2091 hanc
1740 2060 1925 2094 come-

231 2120 456 2169 nientam
496 2121 686 2164 tantam
744 2129 862 2162 esse
899 2112 1138 2162 Socrates
1174 2127 1274 2161 non
1312 2113 1574 2165 concedit.l
1631 2109 1799 2164 Multa
1831 2132 1927 2169 vom,

233 2190 442 2249 cabula,
494 2188 684 2250 iuquit,
723 2201 751 2234 a
787 2189 958 2246 motu,
1013 2185 1170 2233 multa
1210 2185 1361 2232 etiam
1398 2200 1427 2232 a
1466 2185 1639 2249 quiete
1677 2183 1924 2251 originem

231 2278 374 2314 suam
409 2262 722 2310 invenerunt.
788 2253 872 2316 Ex
909 2272 1007 2322 quo
1039 2254 1384 2319 consequitur,
1423 2256 1556 2319 quod
1594 2261 1765 2307 tamen
1803 2273 1922 2308 cre-

228 2335 357 2384 dere
392 2331 538 2382 nefas
592 2335 702 2390 est,
755 2328 906 2378 deum
952 2329 1108 2378 istum
1155 2328 1258 2376 sire
1306 2326 1600 2376 daemonem
1650 2333 1923 2394 pugnantia

229 2406 506 2465 statuisse,
541 2400 791 2465 siquidem
829 2395 911 2449 his
948 2399 1205 2449 vocabulis
1242 2400 1406 2448 omnia
1442 2404 1496 2449 et
1531 2401 1695 2450 fluere
1733 2406 1787 2451 et
1821 2418 1919 2452 non

227 2478 392 2529 fluere
428 2475 720 2523 declaravit.
794 2469 852 2521 P.
890 2468 1011 2521 438.
1047 2471 1090 2520 B
1132 2499 1192 2506 —
1233 2470 1294 2519 D.

370 2578 475 2628 Iam
511 2590 662 2639 quum
703 2563 954 2622 incertum
993 2572 1087 2632 sit,
1123 2571 1286 2634 inquit
1323 2569 1589 2634 SocrateS,
1626 2573 1789 2623 utrius
1827 2590 1916 2639 ge-

223 2650 364 2704 n'e'ris
386 2649 612 2699 ‘nomina
657 2660 775 2695 sese
821 2649 969 2694 recte
1019 2643 1267 2706 habeant,
1310 2648 1506 2693 tautum
1544 2646 1714 2707 abest,
1764 2651 1820 2695 ut
1857 2663 1916 2698 ea

278 2929 327 2988 θ’)
358 2925 522 2973 Mirum
562 2932 628 2970 est
656 2927 853 2978 profecto
873 2955 885 2979 ,
917 2923 1079 2974 fuisse,
1121 2919 1194 2977 qui
1226 2926 1477 2977 opinionem
1513 2930 1566 2968 de
1596 2927 1793 2968 divina
1824 2930 1910 2968 lin-

368 3000 552 3040 guarum
598 2988 770 3038 origine
826 2987 1000 3026 Platoni
1037 2987 1301 3034 effingerent,
1354 2998 1392 3027 v.
1447 2985 1560 3026 Rufi.
1614 2984 1741 3025 Wilh.
1784 2986 1910 3027 Zobcl

368 3045 669 3086 cedanken
691 3046 827 3084 iiber
859 3043 944 3082 die
973 3042 1417 3082 verschiedenen
1439 3044 1788 3094 Meinungen
1814 3047 1908 3084 der

367 3103 683 3143 Gelelirten
724 3113 837 3140 vom
887 3104 1218 3150 Ursprunge
1268 3101 1362 3138 der
1400 3102 1656 3149 Sprache.
1728 3104 1906 3150 Mngde-

368 3163 483 3210 burg
523 3162 648 3200 1773.
689 3164 730 3199 8.
779 3163 820 3197 et
859 3157 959 3199 Geo.
1009 3155 1106 3197 Lor.
1148 3155 1292 3196 Bauer
1330 3158 1668 3208 Einleitung
1713 3159 1765 3196 in
1818 3160 1906 3197 «lie

363 3218 660 3260 Schriften
702 3218 796 3256 des
838 3218 889 3257 A.
927 3218 977 3254 T.
1009 3229 1048 3266 p.
1083 3216 1149 3253 16.
1182 3216 1237 3253 al.
1299 3217 1381 3255 Sed
1424 3217 1627 3254 nimirum
1658 3212 1905 3265 philosophi

363 3281 406 3315 et
447 3276 638 3326 theologi
680 3286 786 3324 quae
814 3285 944 3323 saepe
974 3272 1019 3310 in
1055 3273 1228 3321 scriptis
1257 3277 1445 3312 veterum
1477 3274 1650 3323 vident,
1690 3285 1741 3311 ea.
1773 3284 1826 3311 ne
1857 3275 1903 3312 in

365 3338 552 3372 mentem
586 3332 754 3380 quidem
785 3331 933 3371 venire
971 3335 1152 3383 possunt
1187 3330 1266 3383 iis,
1308 3332 1379 3380 qui
1418 3331 1543 3371 liberi
1583 3333 1683 3369 suut
1724 3331 1901 3381 praeiu-

356 3390 509 3431 dicatis
540 3390 838 3441 opinionibus.
