2066 3666
224 168 261 218 4
880 161 1298 213 PLATONIS

235 309 368 376 quod
419 323 479 358 ex
522 309 636 374 ipso
683 305 875 371 cratyli
924 311 1223 370 argumento
1273 306 1612 371 perspicitur:
1671 323 1782 357 nam
1832 323 1924 373 per
1987 329 1989 331 ·

235 388 398 433 totum
433 380 550 431 fere
584 394 870 429 sermonem
900 377 1080 426 hol-nm
1119 378 1437 442 potissimum
1477 377 1764 442 exploditur
1802 396 1926 444 per-

236 454 468 503 versitas.
542 451 830 516 Quanquam
867 464 961 498 nec
997 448 1338 498 Eleaticorum
1374 451 1560 498 amicos
1600 451 1661 499 ab
1709 452 1809 498 ista
1843 467 1927 498 ra·

239 526 383 576 tione
417 524 608 573 alienos
644 522 808 570 fuisse
845 536 906 568 ex
964 534 1025 567 eo
1064 521 1311 584 suspicari
1341 520 1481 582 licet,
1520 521 1654 585 quod
1692 526 1746 570 et
1781 521 1929 570 Plato

240 595 452 648 subinde
499 594 740 643 vocabula
786 607 846 640 ex
893 605 1068 640 eorum
1124 591 1354 640 doctrina
1399 593 1797 657 interpretatur,
1843 608 1964 641 ve-.
2034 626 2049 650 η,

242 668 341 718 luti
376 683 427 733 p.
472 663 615 726 437„
661 669 715 713 ct
751 667 892 712 teste
927 662 1262 712 Ammonio
1301 663 1582 712 Hermia
1617 664 1679 712 ad
1717 665 1931 714 Aristot.
2033 652 2040 669 ‘

243 739 324 791 De
361 738 634 802 Interpret.
684 751 734 800 p.
772 734 840 784 :31
878 748 987 797 sqq.
1033 739 1215 798 postea
1250 733 1498 800 Megarici
1535 737 1585 785 in
1623 736 1804 784 eodem
1841 752 1933 801 ge·
2021 747 2027 750 ·

246 826 371 862 nere
411 808 639 858 studiose
680 806 1079 856 elaboraverunt.
1150 805 1255 855 Sed
1297 812 1464 868 tamen
1502 807 1790 857 I-Ieraclitei
1825 823 1932 856 ma-

246 883 380 933 xime
417 881 626 929 fuerunt
672 882 727 926 et
772 876 1050 942 Sophistae
1098 892 1272 927 eorum
1317 880 1526 927 rationis
1570 885 1811 940 tenaces,
1850 880 1935 944 qui

225 967 493 1020 perversa
524 953 620 999 ista
658 948 994 1014 etymologiae
1017 949 1216 997 ratione
1241 950 1587 1002 abuterentur.
1658 951 1797 1015 Quos
1825 951 1935 1015 qui=

250 1026 368 1075 dem
437 1021 776 1088 philosophus
838 1019 938 1068 hoc
1001 1019 1133 1067 libro
1194 1024 1414 1085 graviter
1473 1022 1731 1089 admonuit
1787 1023 1942 1087 longe

250 1097 399 1147 aliam
435 1096 560 1143 viam
584 1093 645 1142 ad
679 1107 855 1140 verum
881 1091 1229 1140 inveniendum
1253 1093 1629 1158 ingrediendam
1653 1111 1787 1155 esse,
1813 1094 1942 1143 mul-

250 1173 408 1232 toque
445 1181 564 1215 esse
598 1164 878 1213 consultius
915 1163 1139 1227 ipsarum
1176 1179 1348 1213 rerum
1383 1166 1480 1214 vim
1512 1171 1566 1214 et
1599 1171 1825 1215 naturam
1865 1168 1945 1214 in-
2024 1210 2027 1211 γ

251 1240 537 1304 vestigare,
574 1251 720 1301 quam
756 1235 889 1284 inani
926 1234 1311 1298 originationum
1337 1236 1451 1285 lusu
1475 1252 1682 1302 operam
1707 1237 1946 1302 perdere,
2014 1296 2019 1300 ‚

396 1311 507 1373 Quo
557 1308 716 1373 magis
767 1313 937 1355 autem
992 1314 1297 1371 appareret,
1347 1299 1532 1372 quanta
1586 1325 1700 1357 cum
1749 1310 1949 1357 vesania

252 1381 372 1432 boni
418 1381 507 1430 isti
555 1378 835 1445 etymologi
879 1379 930 1427 iu
984 1379 1287 1442 exquirenda
1332 1380 1690 1429 vocabulorum
1753 1381 1950 1446 origine
2013 1427 2017 1445 ᾧ

257 1458 311 1503 et
361 1450 734 1519 significatione
779 1454 1132 1510 versarentur,
1185 1449 1334 1500 Plato
1389 1451 1678 1501 faciendum
1738 1453 1950 1519 putavit,
2014 1469 2017 1471 ’

254 1529 311 1578 ut
357 1542 504 1591 quam
551 1525 726 1588 inepta
778 1522 854 1570 illi
890 1522 1201 1571 comminisci
1236 1523 1494 1585 solerent,
1528 1525 1738 1589 copiosa
1775 1540 1952 1574 exem-
2010 1523 2027 1579 ,ἐὲ

253 1596 454 1662 plorum
491 1595 872 1643 enumeratione
907 1592 1297 1643 demonstraret.
1373 1595 1486 1661 Quo
1510 1596 1713 1660 quidem
1751 1596 1954 1645 nomine
2007 1589 2052 1642 {w

254 1667 340 1716 hic
376 1668 506 1716 liber
543 1665 674 1714 haud
725 1665 953 1728 exiguam
1002 1679 1115 1712 cum
1163 1664 1487 1730 Euthydemo
1524 1666 1679 1717 habet
1714 1668 1951 1717 similitu-
2002 1669 2017 1695 ‘¹‘

255 1738 438 1787 dinem.
480 1738 639 1786 -Nam
675 1736 725 1784 in
762 1735 862 1783 hoc
899 1736 1047 1783 sicuti
1076 1751 1231 1785 vanae
1266 1737 1561 1787 dialectices
1588 1740 1800 1804 eiusque
1822 1739 1949 1788 Pro-

254 1817 498 1875 tagoreae
537 1807 766 1872 exempla
793 1823 912 1855 »oum
951 1812 1190 1871 proterva
1225 1809 1460 1858 irrisione
1496 1812 1840 1872 cumulantur,
1877 1812 1950 1860 ita
2043 1842 2045 1846 .

253 1882 305 1932 in
342 1881 551 1947 cratylo
586 1883 792 1944 ineptae
827 1878 1166 1942 etymologiae
1200 1881 1477 1944 specimnia
1512 1882 1842 1943 exhibentur,
1877 1883 1952 1933 ita

254 1953 483 2019 quidem,
521 1957 578 2001 ut
612 1949 992 2015 haudquaquam
1029 1949 1261 2000 dubitare
1295 1951 1464 2014 liceat,
1504 1954 1621 2019 quin
1651 1955 1751 2004 ista
1787 1955 1954 2004 omnia

254 2025 318 2074 ad
353 2029 578 2074 mentem
614 2023 959 2088 sophistarum
994 2023 1309 2087 maximeque
1342 2023 1770 2091 Protagoreorum
1806 2027 1950 2076 iocu-
2007 2049 2043 2082 z:

251 2097 347 2146 lari
390 2097 670 2145 imitatione
720 2093 969 2158 explicata
1015 2094 1130 2142 sint.
1201 2094 1279 2143 Ex
1328 2111 1427 2160 quo
1465 2099 1616 2148 etiam
1652 2099 1777 2147 illud
1814 2098 1950 2148 diiu-
1976 2155 1977 2158 Ἴ
2007 2104 2046 2162 „i

250 2168 421 2218 dicare
459 2168 648 2228 licebit,
686 2166 750 2215 de
780 2180 879 2228 quo
914 2164 1244 2215 vehementer
1280 2167 1559 2219 dubitatum
1600 2174 1698 2232 est,
1757 2169 1876 2235 quid
1916 2185 1947 2219 a
2032 2168 2040 2223 ἕ

247 2239 462 2290 Platone
484 2239 689 2289 ludibrii
727 2238 888 2304 gratia
920 2237 1143 2301 positum
1178 2240 1262 2301 sit,
1299 2239 1418 2305 quid
1446 2243 1582 2291 serIo
1622 2242 1947 2307 graviterque

248 2311 578 2378 disputatum.
618 2310 796 2375 Neque
823 2309 954 2357 enim
980 2308 1195 2359 dubitari
1220 2316 1412 2376 potest,
1440 2314 1558 2378 quin
1579 2330 1706 2379 quae
1719 2313 1950 2379 philoso-
2039 2347 2041 2353 f

245 2384 384 2448 ⁴phus
419 2385 470 2432 iu
507 2384 793 2432 universnm
831 2387 1010 2430 contra
1043 2380 1381 2448 Hermogenis
1406 2391 1459 2434 et
1487 2384 1681 2451 Cratyli
1700 2387 1950 2436 rationem
2034 2414 2043 2447 ς

251 2455 525 2520 disputavit
545 2459 600 2503 et
626 2470 754 2519 quae
778 2449 1004 2501 extrema
1029 2456 1276 2504 sermonis
1302 2460 1449 2520 parte
1478 2456 1542 2505 de
1578 2473 1748 2519 rerum
1775 2458 1950 2524 cogni·
2032 2459 2041 2474 ““

251 2527 394 2575 tione
430 2530 666 2591 exposuit
706 2542 805 2574 non
836 2540 897 2573 ex
923 2526 1206 2575 nominibus
1245 2528 1335 2576 sed
1373 2543 1434 2577 ex
1458 2529 1566 2593 ipsa
1600 2545 1772 2578 rerum
1809 2531 1858 2579 vi
1894 2534 1962 2580 et·
2011 2534 2041 2583 ,’

251 2602 428 2648 natura
472 2597 779 2662 repetenda,
830 2612 891 2645 ea
935 2596 1097 2660 ipsius
1134 2604 1354 2648 mentem
1394 2606 1447 2649 et
1485 2603 1786 2651 sententiam
1821 2617 1948 2667 ape-
2008 2596 2035 2634 Ὗ

250 2667 410 2729 riant3
460 2686 588 2734 quae
637 2675 804 2717 autem
853 2667 916 2716 ad
969 2669 1299 2720 exornandam
1349 2672 1798 2738 illustrandamque
1834 2680 1946 2739 ety-

248 2742 565 2806 mologorum
615 2741 1019 2806 sophisticorum
1076 2742 1323 2791 rationem
1392 2760 1453 2792 ex
1512 2751 1685 2794 mente
1749 2745 1945 2810 Cratyli
2024 2767 2025 2770 ¹

249 2817 367 2862 sunt
403 2813 679 2878 explicata,
714 2812 917 2860 ludibrii
950 2816 1142 2862 tantum
1179 2819 1232 2862 et
1266 2816 1512 2865 irrisionis
1561 2818 1720 2881 gratia
1755 2818 1943 2881 prose·
2006 2830 2023 2895 ἐξ

247 2892 437 2933 rantur.
510 2885 656 2947 Quod
693 2885 875 2932 mirum
914 2889 997 2933 est
1032 2899 1131 2933 non
1167 2901 1284 2934 esse
1325 2888 1387 2935 ab
1426 2888 1489 2937 iis
1525 2889 1942 2949 animadversum,
2004 2890 2031 2951 ζὴ

247 2957 330 3020 qui
371 2956 633 3005 Platonem
671 2959 975 3020 putaverunt
1012 2955 1076 3004 de
1113 2956 1313 3021 linguae
1351 2963 1404 3007 et
1439 2960 1795 3008 vocabulorum
1833 2961 1943 3009 ori·-
2007 2954 2031 2972 ”

244 3028 363 3093 gine
404 3027 504 3076 hoc
550 3028 682 3076 libro
730 3043 869 3076 suam
907 3028 1210 3077 sententiam
1248 3030 1502 3095 explicare
1537 3031 1776 3081 voluisse.
1851 3032 1945 3081 Isti

246 3100 379 3147 enim
416 3099 542 3147 adeo
581 3098 707 3147 nihil
743 3102 1013 3147 senserunt
1045 3100 1316 3161 irrisionis,
1355 3107 1412 3151 ut
1449 3103 1613 3151 omnia
1651 3108 1803 3168 atque
1840 3104 1944 3153 sin-

245 3170 363 3235 gula
411 3186 506 3236 pro
556 3170 854 3235 philosophi
899 3168 1120 3220 decretis
1173 3172 1477 3223 venditarint
1510 3174 1730 3240 ideoque
1767 3175 1816 3225 ei
1851 3175 1941 3224 ab-

246 3241 542 3291 surdissima
592 3258 819 3307 quaeque
870 3239 1155 3291 commenta
1202 3243 1507 3294 affinxerInt.
1581 3246 1658 3295 Ita
1708 3245 1861 3295 Men
1880 3261 1942 3295 a·

244 3313 392 3376 gius
438 3313 501 3361 ad
549 3312 828 3377 Diogenem
874 3312 1042 3362 Laert.
1093 3328 1142 3379 p.
1198 3315 1316 3367 149.
1401 3353 1434 3379 „
1452 3316 1706 3379 Platonis,
1756 3318 1938 3384 inquit,

207 3446 210 3448 ι
244 3383 297 3435 in
332 3384 539 3450 Cratylo
587 3390 705 3435 sunt
754 3385 868 3435 fere
918 3385 1079 3435 omnia
1116 3386 1476 3453 pseudetyma‚
1513 3405 1642 3455 pace
1682 3392 1808 3442 tanti
1843 3390 1936 3440 viri
2030 3449 2032 3459 Ι
