2066 3666
268 163 341 214 22
891 159 1303 221 PLATONIS

412 302 514 362 Sed
549 303 614 354 de
643 304 738 355 hac
779 321 844 356 re
879 321 994 355 mox
1028 304 1322 360 videbimuS.
1399 303 1668 356 Veniamus
1704 321 1832 355 nunc
1883 305 1946 355 ad

272 374 711 446 Euthyphronem‚
747 380 829 427 cui
865 394 922 427 se
945 378 1242 443 sapientiam
1277 392 1418 431 suam
1450 381 1711 441 acceptam
1746 377 1947 426 referre

272 445 514 510 Socrates
561 463 660 498 non
707 465 805 498 uno
854 450 969 498 loco
1013 450 1286 514 profitetur
1323 444 1393 516 *).
1466 447 1580 496 Non
1624 448 1824 496 ιίᾶειιιι·
1857 463 1946 497 au-

272 524 377 567 tem
424 519 640 577 dubitari
683 526 828 569 recte
863 536 1047 595 posse,
1096 521 1213 584 quin
1257 519 1340 567 hic
1383 518 1518 568 idem
1554 519 1653 580 sit,
1700 534 1851 582 quem
1887 534 1949 568 ex

277 589 477 656 dialogo
505 607 508 610 ’
539 593 835 656 cognomine
890 592 1144 656 cognitum
1185 591 1446 645 habemus,
1537 589 1782 647 Narratur
1837 589 1949 638 illic

270 655 415 710 vatis¹
441 661 647 712 functus
694 679 810 712 esse
859 658 1066 713 munere
1113 668 1263 726 atque
1313 662 1409 710 sibi
1455 661 1572 726 ipse
1627 661 1950 710 accuratissi-

272 748 403 791 mam
444 749 619 782 rerum
656 732 926 791 divinarum
971 735 1307 799 cognitionem
1356 733 1686 797 arrogavisse.
1723 748 1769 784 v.
1804 748 1856 796 p.
1892 733 1948 786 4.

270 803 415 870 Adeo
452 810 620 854 autem
673 807 927 854 concitato
983 803 1196 870 pectore
1244 805 1445 852 oracula
1481 820 1570 852 sua
1605 802 1822 852 fundere
1858 818 1948 851 so-

240 875 432 937 lebat,
478 881 537 932 ut
580 875 896 926 audientibus
946 882 1001 926 et
1047 877 1263 926 insanire
1303 875 1560 925 videretur
1607 880 1660 926 et
1695 890 1946 939 saepenu-

267 961 412 996 mero
461 948 704 997 excitaret
747 949 919 998 risum.
967 963 1012 996 v.
1048 965 1105 1014 Ρ
1135 948 1185 998 3
1223 948 1280 995 B.
1318 947 1374 996 C.
1463 946 1711 1015 Quocirca
1757 947 1949 995 miran-

267 1017 384 1067 dum
422 1033 521 1074 non
558 1023 663 1079 est,
709 1019 842 1084 quod
892 1019 1045 1069 etiam
1080 1020 1147 1068 in
1166 1018 1376 1067 deorum
1411 1012 1832 1083 appellationibus
1868 1018 1947 1065 iu-

265 1088 608 1152 terpretandis
652 1090 921 1155 plurimum
966 1091 1121 1140 studii
1166 1091 1361 1155 posuit,
1407 1091 1509 1139 isto
1559 1090 1758 1140 scilicet
1793 1087 1946 1137 modo

265 1176 403 1208 suam
448 1176 620 1209 rerum
663 1162 935 1211 divinarum
994 1162 1253 1211 scientiam
1311 1165 1549 1226 quantum
1595 1161 1710 1218 fieri
1762 1165 1947 1224 posset

264 1231 678 1295 amplificaturus.
747 1233 849 1282 Iam
886 1233 1021 1298 quod
1065 1235 1119 1283 in
1154 1231 1360 1282 edendis
1395 1232 1611 1281 oraculis
1647 1230 1822 1280 facere
1860 1247 1946 1281 so-

261 1302 432 1363 lebat,
478 1307 536 1358 ut
582 1320 759 1369 magna
805 1321 918 1354 cum
964 1306 1191 1371 pectoris
1242 1303 1580 1362 concitatione
1628 1303 1945 1367 loqueretur,

259 1373 393 1422 idem
443 1375 592 1424 (tiam
641 1382 847 1426 secutus
898 1382 980 1434 est
1016 1379 1068 1426 in
1104 1375 1411 1441 explicandis
1447 1376 1700 1424 nominum
1736 1374 1946 1442 rationi-

258 1445 380 1494 bus·
429 1446 482 1495 id
532 1448 664 1511 quod
712 1448 991 1501 clarissime
1035 1448 1344 1512 intelligitur
1389 1462 1451 1501 ex
1495 1446 1623 1495 locis
1661 1445 1855 1510 Cratyli
1891 1461 1943 1510 Ρ.

225 1516 377 1568 ,39ίί
418 1517 473 1569 C.
513 1517 811 1602 1).13.399.
848 1520 909 1569 Α
937 1521 1008 1573 Ε
1046 1536 1096 1585 p.
1134 1520 1255 1569 408.
1293 1518 1353 1567 A.
1390 1534 1442 1583 p.
1479 1518 1600 1566 409.
1649 1516 1710 1566 D.
1783 1516 1951 1568 Vide-'
2023 1535 2026 1543 *

253 1593 342 1643 tur
377 1594 546 1637 autem
586 1591 634 1637 ei
672 1607 782 1639 cum
821 1591 1028 1655 Gratylo
1076 1592 1175 1639 hoc
1210 1589 1566 1638 intercessisse
1596 1589 1944 1643 ¹necessitudi-
2019 1617 2022 1620 Δ

253 1659 362 1719 nis,
414 1661 547 1724 quod
586 1666 640 1709 et
681 1663 791 1723 ipse
827 1661 1244 1710 Heracliteorum.
1269 1661 1454 1709 rationi
1501 1659 1651 1724 plane
1699 1664 1809 1708 erat
1849 1659 1942 1709 de-

253 1729 407 1780 ditus.
479 1732 648 1796 Atque
683 1733 801 1780 hinc
838 1731 990 1781 facile
1025 1732 1353 1796 intelligitur,
1401 1746 1492 1780 cur
1529 1730 1768 1782 Socrates
1807 1730 1940 1780 Cra-

252 1802 415 1865 tylum
472 1798 738 1861 delusurus
795 1819 914 1858 sese
966 1804 1170 1852 simulet
1214 1802 1573 1867 Euthyphroni
1627 1817 1688 1850 ea
1739 1801 1941 1865 'debere

252 1873 441 1933 omnia,
492 1890 619 1938 qnae
669 1874 732 1922 de
776 1876 825 1922 vi
874 1879 928 1923 et
977 1876 1170 1939 origine
1215 1873 1572 1930 vocabulorum
1609 1887 1709 1922 non
1746 1873 1940 1938 impro-

250 1944 403 1992 bante
463 1944 669 2008 Cratylo
726 1945 1068 2009 explicaverit.
1152 1945 1426 1994 Enimvero
1484 1943 1670 1993 festiva
1727 1943 1825 1995 hac
1885 1949 1940 1995 et

247 2015 460 2064 ioculari
506 2010 634 2074 vatis
681 2017 963 2069 imitatione
1012 2016 1159 2064 simul
1208 2016 1361 2064 etiam
1412 2015 1670 2080 cratylum
1722 2022 1777 2065 et
1812 2016 1939 2066 reli-

247 2101 375 2150 quos
421 2086 773 2150 HeracHteos,
821 2089 907 2153 qui
952 2088 1103 2137 simili
1153 2087 1449 2136 curiositate
1496 2088 1549 2135 in
1600 2087 1806 2136 vocibus
1845 2103 1936 2137 ex-

243 2157 491 2221 plicandis
541 2159 965 2222 elaboravissent‚
1026 2158 1181 2218 rideri
1228 2163 1378 2224 atque
1431 2159 1672 2224 exagitari
1721 2159 1936 2210 manife-

244 2235 377 2287 stum
415 2232 735 2287 arbitramur.
1160 2249 1163 2254 ·
1211 2252 1242 2289 ι’
1718 2265 1722 2269 -

319 2329 323 2333 ν
383 2301 562 2367 Atque·
599 2302 729 2352 haec
777 2303 978 2368 quidem
1024 2302 1089 2351 de
1124 2302 1360 2367 personis
1397 2301 1585 2367 dialogi
1616 2300 1782 2366 deque
1817 2302 1934 2352 irri-

242 2372 386 2421 sione
418 2374 860 2436 Ileracliteorum,
912 2376 964 2424 in
1004 2390 1216 2439 quorum
1251 2374 1588 2440 perversitate
1638 2374 1933 2438 exagitanda

236 2446 450 2492 maxima
498 2462 615 2509 pars
658 2446 775 2496 libri
826 2452 1070 2511 occupata
1133 2450 1229 2494 est.
1316 2444 1426 2493 Nec
1473 2460 1593 2492 vero
1643 2446 1933 2495 existimare
2003 2479 2026 2498 >.

237 2514 362 2564 licet
407 2515 669 2566 Platonem
723 2519 822 2566 hoc
860 2535 1012 2567 unum
1049 2518 1246 2580 egisse,
1293 2521 1352 2564 ut
1386 2518 1514 2565 istos
1549 2516 1780 2566 homines
1819 2533 1930 2566 car-

237 2592 388 2650 peret
428 2593 482 2636 et
512 2589 835 2639 traduceret.
910 2590 1016 2639 Imo
1056 2605 1169 2644 cum
1203 2587 1298 2635 hac
1336 2589 1628 2652 ineptorum
1665 2588 1930 2652 sophista-

233 2674 346 2707 rum
401 2659 622 2715 rrisione
654 2665 707 2722 et
744 2661 1078 2725 castigatione
1102 2658 1489 2724 prudentissime
1517 2659 1769 2723 copulavit
1805 2660 1929 2709 alia-
1973 2722 1977 2726 .
2014 2649 2029 2693 ⁸·

234 2744 344 2785 rum
385 2733 689 2794 quarundam
742 2749 909 2788 rerum
948 2732 1324 2790 tractationem,
1362 2747 1490 2795 quae
1519 2732 1606 2778 vel.
1635 2731 1722 2778 illa
1758 2736 1928 2781 aetate

232 2801 282 2848 iu
321 2801 742 2869 disceptationem
781 2804 1053 2852 multomm
1082 2803 1339 2858 uenissent
1373 2803 1454 2850 vel
1491 2801 1552 2855 ad
1591 2818 1729 2852 suam
1764 2803 1925 2866 ipsius

230 2872 621 2945 philosophandi
654 2876 901 2934 rationem
939 2876 1241 2938 spectarent.

367 2944 589 2997 Videtur
647 2948 780 2996 enim
844 2947 1074 3012 quaestio
1133 2943 1298 2993 fuisse
1344 2943 1619 2992 multorum
1667 2944 1925 2996 celebrata

227 3012 662 3079 disputationibus
699 3016 815 3087 **)‚
867 3018 1067 3077 nomina
1098 3030 1269 3073 rerum
1303 3018 1472 3073 utrum
1506 3018 1701 3079 natura,
1741 3010 1923 3088 φύσει,

290 3239 337 3293 ”)
368 3246 420 3292 V,
455 3247 506 3290 ad
542 3261 581 3297 p,
612 3247 707 3285 891.
740 3248 787 3292 C,

279 3312 350 3367 ”J
383 3319 608 3357 Gellius
640 3320 694 3357 N.
727 3320 775 3357 A.
807 3318 860 3356 X.
894 3320 935 3356 4.
995 3314 1233 3356 Nomina
1273 3317 1552 3366 verbaque
1584 3329 1691 3357 non
1725 3317 1917 3366 positu

363 3374 634 3427 fortuito,
670 3376 765 3419 sed
797 3376 1026 3424 quadam
1059 3376 1117 3414 vi
1149 3378 1202 3413 et
1232 3376 1731 3427 rarione-naturae
1762 3377 1920 3415 {acta
1995 3377 2025 3423 ,j

2050 998 2058 1055 ᾖν
