2066 3666
747 162 1259 216 OHARMIDES.
1773 164 1857 217 93,

155 311 438 379 disputatio
475 328 530 364 e
535 310 770 361 doctrina
793 308 1055 359 Socratica
1090 306 1355 358 iudicanda
1382 312 1492 369 west
1533 324 1679 375 quam
1702 308 1860 370 mato

156 401 257 451 quo
297 392 532 450 tempore
566 383 694 433 haec
731 383 941 447 scripsit
977 381 1207 431 studiose
1241 380 1548 430 sectabatur.
1611 381 1728 432 Huc
1762 399 1850 434 ac-

154 457 318 514 cedit
357 456 492 522 quod
527 455 739 504 scientia
774 469 840 503 ne
876 454 1159 518 sejungitur
1193 452 1395 516 quidem
1432 453 1494 501 ab
1532 455 1758 515 actione,
1795 460 1854 506 ut

156 529 420 579 Socratica
463 526 693 576 doctrina
739 525 835 574 hac
884 542 946 573 ex
988 531 1136 591 parte
1185 524 1432 573 facillime
1481 532 1633 589 queat
1681 529 1853 578 conci-

154 601 267 650 liari
325 615 441 649 cum
498 600 592 658 iis,
666 613 796 660 quae
853 596 1001 645 Plato
1072 601 1253 661 postea
1317 597 1566 661 temporis
1623 596 1689 645 de
1752 616 1852 650 σω

204 666 447 758 ροσύιης
501 671 710 720 notione
762 667 999 753 exposuit
1063 666 1280 720 Phaedr.
1343 685 1395 734 Ρ.
1453 667 1576 721 237,
1637 667 1702 724 E.
1757 664 1853 722 δό-

157 691 258 808 ζης
311 742 415 823 μὲν
479 734 582 793 οὖν
637 741 727 792 ἐπὶ
781 758 847 791 το
917 755 1162 823 αριστον
1219 734 1369 826 λόγῳ
1440 733 1688 807 ἀγούσης
1759 742 1856 794 καὶ

155 808 487 895 κρατούσης,
528 811 609 864 τῶ
654 805 844 895 κράτει
890 805 1232 897 σωφροσύνη
1279 806 1487 878 ὄνομα·
1544 811 1859 892 ἐπιθυμίας

156 885 218 938 δὲ
280 879 498 953 ἀλόγως
550 882 816 948 ἑλκούσης
884 884 973 935 ἐπὶ
1044 877 1268 965 ἡδονὰς
1316 884 1412 935 καὶ
1480 878 1727 950 ἀρξάσης
1795 887 1856 937 ἐν

155 954 320 1025 ἡιιῖν,
401 975 462 1027 τι,
550 951 690 1027 ἀρχη
769 954 932 1024 ι’·βρις
1006 949 1409 1037 ἐπωνομάσθη.
1489 955 1724 1040 Sympos.
1801 973 1855 1022 p.

156 1031 281 1081 196.
318 1029 376 1078 C.
414 1027 559 1081 εἶναι
594 1047 700 1098 Ιαρ
737 1022 1097 1095 ὁμολογεῖται
1130 1020 1470 1097 σωφροσύνη
1517 1047 1581 1079 το
1632 1037 1858 1096 κρατεῖν

151 1097 373 1165 ἡδονῶν
409 1101 502 1152 καὶ
540 1099 876 1165 ἑπιθιμιών.
924 1097 1003 1148 De
1040 1099 1173 1164 Rep
1209 1100 1292 1150 111.
1330 1116 1377 1165 p.
1415 1100 1538 1149 389.
1575 1099 1636 1150 D.
1675 1099 1734 1150 E.
1777 1118 1853 1168 sq.

155 1174 244 1227 IV.
284 1190 336 1239 Ρ.
371 1173 494 1222 430.
531 1173 588 1222 C.
621 1172 771 1220 -112
811 1189 861 1237 p.
900 1171 1023 1224 432.
1062 1173 1122 1221 A.
1160 1190 1211 1238 p.
1253 1173 1376 1222 442.
1415 1173 1472 1221 C.
1511 1172 1574 1223 Ι)
1645 1173 1856 1227 Etenim

153 1261 220 1297 ne
253 1246 545 1331 posteriore
578 1244 780 1308 quidem
817 1251 1084 1309 tempore
1088 1245 1235 1294 l’lato
1273 1231 1658 1310 temperantiam
1695 1247 1860 1295 ratio-
1942 1291 1944 1293 ,

154 1319 234 1368 nis
278 1319 495 1382 imperio
545 1333 724 1366 vacare
771 1332 929 1382 posse
980 1318 1207 1378 censuit
1269 1332 1549 1381 quanquam
1595 1333 1705 1366 eam
1757 1333 1859 1370 non

153 1396 260 1452 tam
306 1390 543 1449 scientia,
593 1405 741 1454 quam
787 1380 993 1438 mentis
1026 1389 1239 1453 quadam
1285 1405 1352 1447 ιη
1381 1395 1434 1437 et
1481 1390 1670 1449 robore
1718 1389 1857 1440 iliius

152 1463 290 1512 iussa
328 1469 383 1511 et
419 1461 605 1510 dictata
641 1463 688 1511 in
727 1459 1048 1510 moderandis
1085 1461 1237 1509 animi
1271 1445 1538 1510 affectibus
1578 1466 1631 1509 et
1657 1462 1858 1525 cupidi-

54 1570 62 1593 Ι
152 1535 345 1584 tatibus
384 1535 710 1598 exsequentis
761 1533 1010 1582 contineri
1055 1532 1309 1581 iudicavit.
1359 1531 1559 1595 Itaque
1597 1532 1858 1583 Phaedon.

155 1622 208 1672 Ρ.
245 1606 331 1654 68.
383 1605 440 1654 C.
487 1622 537 1670 Ρ.
575 1605 661 1652 82.
702 1605 758 1652 Β.
812 1603 913 1667 την
958 1599 1270 1670 ὃηιιοτικήν
1315 1621 1372 1655 τε
1414 1603 1516 1654 καὶ
1563 1599 1858 1670 πολιτικὴν

155 1672 388 1748 ἀρετήν,
440 1671 512 1739 ἢν
560 1670 629 1739 δη
676 1675 908 1727 καλοῦσι
943 1678 1317 1747 σωφροσύνην
1354 1693 1410 1726 τε
1449 1676 1542 1727 καὶ
1578 1671 1859 1729 δικαιοσύ-

154 1766 287 1813 νην,
343 1749 467 1798 dicit
526 1745 593 1812 ἐξ
657 1747 873 1809 ἔθους
926 1766 996 1801 τε
1043 1749 1159 1799 καὶ
1219 1747 1512 1814 μελέτης
1558 1758 1857 1814 γεγονυῖαν

154 1816 312 1873 ἄνευ
352 1820 801 1892 φιλοσοφίας
836 1837 904 1871 τε
944 1820 1052 1872 καὶ
1087 1819 1241 1881 νοῦ,
1282 1836 1446 1885 eoque
1474 1822 1676 1870 nomine
1713 1823 1853 1872 illam

155 1910 187 1944 a
219 1909 339 1941 vera
375 1892 671 1956 philosophi
706 1894 896 1941 virtute
932 1894 1182 1943 diversam
1220 1908 1340 1942 esse
1378 1894 1669 1954 arbitr‚atur
1709 1911 1858 1959 quam

125 1966 464 2017 'sententiam
516 1966 668 2012 etiam
717 1964 796 2012 De
840 1964 973 2030 Rep.
1023 1964 1086 2014 X.
1141 1981 1191 2029 p.
1240 1965 1362 2017 619.
1413 1964 1472 2016 C.
1527 1965 1859 2027 adumbravit.

158 2037 329 2102 Atque
363 2036 444 2084 his
482 2037 552 2085 ita
591 2036 850 2100 explicatis
888 2037 1044 2086 facile
1080 2036 1462 2096 diiudicabitur,
1515 2038 1635 2101 quid
1676 2037 1745 2098 de,
1779 2055 1858 2100 ea,

157 2125 287 2175 quae
325 2107 508 2156 deinde
546 2110 793 2172 agitatur,
844 2107 1186 2173 disputatione
1222 2108 1546 2168 statuendum
1592 2110 1675 2160 sit.
1749 2109 1857 2160 Re-

155 2187 411 2231 vertamur
447 2180 603 2244 igitur
638 2180 700 2227 ad
740 2181 848 2228 eius
888 2182 1274 2230 enarrationem.

299 2265 475 2331 ltaque
522 2264 763 2314 Socrates
812 2267 873 2314 ad
925 2266 1165 2316 Critiam:
1223 2267 1366 2331 Ergo
1421 2271 1507 2327 tu,
1568 2268 1767 2333 inquit,
1822 2283 1857 2319 o

154 2338 318 2399 bone,
396 2339 780 2402 temperantiam
849 2355 1030 2388 censes
1094 2340 1309 2387 scientia
1372 2354 1491 2387 esse
1548 2346 1859 2394 contentam.

76 2430 77 2433 ¹
154 2411 323 2475 Quum
352 2414 474 2459 vero
511 2411 647 2459 omni
685 2411 954 2465 scientiae
967 2417 1022 2460 et
1064 2410 1359 2475 disciplinae
1405 2412 1592 2477 aliquid
1630 2414 1699 2462 sit
1736 2429 1856 2478 pro·-

158 2484 415 2548 positum,
466 2483 517 2531 in
556 2498 655 2547 quo
695 2482 968 2532 efficiendo
1004 2487 1240 2546 tanquam
1280 2498 1444 2548 opere
1480 2499 1573 2534 suo
1604 2491 1859 2547 wei-setun,

157 2555 240 2605 dic
277 2554 432 2614 mihi
475 2570 693 2619 quaeso
741 2555 860 2620 quid
896 2558 964 2604 sit
999 2556 1150 2615 illud
1186 2555 1320 2621 quod
1359 2550 1698 2630 σωφροσύνη
1737 2559 1858 2607 sub-

156 2628 347 2677 iectum
369 2628 534 2690 putari
569 2626 770 2676 debeat.·
827 2627 995 2693 Negat
1034 2628 1221 2676 Critias
1240 2627 1457 2677 eandem
1492 2645 1608 2677 esse
1634 2631 1869 2680 omnium,

75 2759 77 2761 Ι
156 2700 339 2750 artium
379 2714 437 2747 ac
475 2698 849 2764 disciplinarum
900 2702 1178 2761 rationem,
1234 2700 1480 2765 siquidem
1518 2702 1858 2764 arithmetica,

157 2771 471 2837 geometria,
507 2771 665 2831 aliae,
714 2772 841 2821 nihil
880 2773 1137 2833 efficiant,
1186 2772 1321 2837 quod
1353 2772 1726 2823 architecturae
1765 2790 1856 2823 ce-

160 2850 487 2906 terarumque
545 2842 596 2891 id
650 2859 811 2909 genus
868 2846 1051 2895 artium
1105 2844 1346 2909 operibus
1399 2845 1566 2894 simile
1616 2848 1700 2896 sit.
1784 2846 1855 2896 At

158 2930 310 2974 vero,
348 2914 625 2979 respondet
660 2916 922 2978 Socrates,
956 2915 1082 2965 illud
1115 2922 1283 2966 tamen
1319 2932 1418 2966 non
1455 2923 1631 2982 potest
1663 2919 1854 2982 negari,

160 3002 360 3037 omnem
412 2988 672 3036 scientiam
720 2988 914 3038 absolvi
965 2989 1174 3037 alicuius
1218 2989 1295 3037 rei
1347 2991 1664 3054 cognitione·
1727 3005 1855 3055 ergo

160 3058 502 3123 quaerendum
539 3065 682 3109 certe
728 3060 874 3110 nobis
924 3066 1036 3119 est,
1084 3060 1343 3110 cuiusnam
1393 3063 1470 3110 rei
1517 3062 1738 3110 scientia
1783 3063 1853 3113 sit

157 3127 195 3194 ἡ
233 3125 588 3202 σωφροσύνη.
662 3130 963 3197 Respondet
999 3133 1186 3183 Critias
1238 3148 1387 3182 esse
1422 3149 1553 3182 eam
1590 3139 1851 3183 cetera·-

160 3219 292 3252 r-um
331 3204 569 3251 artium
597 3197 964 3271 (ἐπιστημῶν)
988 3206 1260 3254 οιιιιιίιιιιι
1289 3211 1485 3284 atque
1522 3206 1614 3255 sui
1641 3206 1852 3271 ipsius

83 3286 88 3290 ’
161 3276 630 3357 cognitionem.
716 3276 961 3326 Nimirum
1015 3277 1122 3325 vult
1184 3275 1274 3325 ille
1332 3279 1433 3339 την
1480 3274 1855 3349 σωφροσύνην

161 3361 281 3395 esse
316 3347 472 3396 veluti
509 3346 660 3395 animi
709 3348 953 3413 quandam
1001 3348 1361 3398 conscientiam
1399 3363 1575 3398 eorum
1612 3350 1853 3413 omnium,

162 3434 291 3484 quae
335 3418 636 3470 noverimus.
725 3419 952 3472 Eandem
997 3435 1120 3471 vero
1155 3419 1386 3471 Socratis
1430 3437 1631 3497 quoque
1676 3423 1851 3490 suspi-
